%% This BibTeX bibliography file was created using BibDesk.
%% http://bibdesk.sourceforge.net/

%% Created for Johannes Fichte at 2019-07-16 10:05:31 +0200


%% Saved with string encoding Unicode (UTF-8) 


@string{aajc = {Australas. J. Combin.}}

@string{academicpress = {Academic Press}}

@string{acm = {Assoc. Comput. Mach., New York}}

@string{acmea = {ACM Journal of Experimental Algorithmics}}

@string{acmtcl = {ACM Trans. Comput. Log.}}

@string{actacyb = {Acta Cybernetica}}

@string{actainf = {Acta Informatica}}

@string{ai = {Artificial Intelligence}}

@string{aiaf = {AI Access Foundation}}

@string{aic = {AI Communications}}

@string{aip = {The AAAI Press}}

@string{alg = {Algorithmica}}

@string{am = {Annals of Mathematics}}

@string{amai = {Ann. Math. Artif. Intell.}}

@string{aml = {Archive for Mathematical Logic}}

@string{amm = {Amer. Math. Monthly}}

@string{ams = {American Mathematical Society}}

@string{apal = {Annals of Pure and Applied Logic}}

@string{aw = {Addison-Wesley}}

@string{bcs = {British Computer Society, Swinton}}

@string{beatcs = {Bulletin of the European Association for Theoretical Computer Science}}

@string{bsl = {Bull. of Symbolic Logic}}

@string{camup = {Cambridge University Press, Cambridge}}

@string{canjm = {Canadian J. Math.}}

@string{ccai = {Canadian Conference on AI}}

@string{ceur = {CEUR Workshop Proceedings (CEUR-WS.org)}}

@string{comacm = {Communications of the ACM}}

@string{comb = {Combinatorica}}

@string{comcom = {Computational Complexity}}

@string{comint = {Comput. Intelligence}}

@string{commmuc = {Comment. Math. Univ. Carolinae}}

@string{congrnumer = {Congr. Numer.}}

@string{cons = {Constraints}}

@string{cpc = {Combin. Probab. Comput.}}

@string{dam = {Discr. Appl. Math.}}

@string{dam-st = {Submitted to \emph{Discr. Appl. Math.}}}

@string{dam-ta = {To appear in \emph{Discr. Appl. Math.}}}

@string{dimacs = {DIMACS: Series in Discrete Mathematics and Theoretical Computer Science}}

@string{dke = {Data Knowl. Eng.}}

@string{dm = {Discrete Math.}}

@string{dmgt = {Discuss. Math. Graph Theory}}

@string{do = {Discrete Optim.}}

@string{dp = {Dagstuhl Publishing}}

@string{dukemj = {Duke Math. J.}}

@string{eccc = {\emph{Electronic Colloquium on Computational Complexity} (ECCC)}}

@string{ejc = {European J. Combin.}}

@string{elsevier = {Elsevier Science Publishers, North-Holland}}

@string{endm = {Electronic Notes in Discrete Mathematics}}

@string{fai = {Foundations of Artificial Intelligence}}

@string{faip = {Frontiers in Artificial Intelligence and Applications}}

@string{finf = {Fund. Inform.}}

@string{freeman = {W. H. Freeman and Company, New York}}

@string{gc = {Graphs and Combinatorics}}

@string{geneinf = {Genome Informatics}}

@string{gtm = {Graduate Texts in Mathematics}}

@string{humana = {Humana Press}}

@string{ic = {Information and Control}}

@string{ieee = {IEEE Computer Soc.}}

@string{ieeecad = {IEEE Transactions on Computer Aided Design}}

@string{ieeepami = {IEEE Transactions on Pattern Analysis and Machine Intelligence}}

@string{ieeese = {IEEE Transactions on Software Engineering}}

@string{ieeetc = {IEEE Transactions on Computers}}

@string{ifac = {International Federation of Automatic Control}}

@string{ijcm = {International Journal of Computer Mathematics}}

@string{ijfcs = {Internat. J. Found. Comput. Sci.}}

@string{infcomp = {Information and Computation}}

@string{infsci = {Information Sciences}}

@string{ios = {IOS Press}}

@string{ipl = {Information Processing Letters}}

@string{jacm = {J. of the ACM}}

@string{jair = {Journal of Artificial Intelligence Research}}

@string{jalg = {J. Algorithms}}

@string{jancl = {J. Applied Non-Classical Logics}}

@string{jar = {J. Automated Reasoning}}

@string{jcmcc = {J. Combin. Math. Combin. Comput.}}

@string{jco = {J. Comb. Optim.}}

@string{jcombt = {J. Combin. Theory}}

@string{jcombta = {J. Combin. Theory Ser. A}}

@string{jcombtb = {J. Combin. Theory Ser. B}}

@string{jcomput = {J. Comput.}}

@string{jcs = {J. of Computer Security}}

@string{jcss = {J. of Computer and System Sciences}}

@string{jda = {Journal of Discrete Algorithms}}

@string{jetai = {Journal of Experimental \& Theoretical Artificial Intelligence}}

@string{jgaa = {J. Graph Algorithms Appl.}}

@string{jgt = {J. Graph Theory}}

@string{jlap = {J. Logic and Algebraic Programming}}

@string{jlc = {J. Logic Comput.}}

@string{jlms = {J. London Math. Soc.}}

@string{jlp = {J. Logic Programming}}

@string{jmlcs = {J. on Methods of Logic in Computer Science}}

@string{jmlr = {J. Mach. Learn. Res.}}

@string{jsat = {J. on Satisfiability, Boolean Modeling and Computation}}

@string{jsc = {J. Symbolic Comput.}}

@string{jsl = {J. Symbolic Logic}}

@string{ki = {KI - Kuenstliche Intelligenz}}

@string{kluwer = {Kluwer Academic Publishers, Dortrecht}}

@string{lai = {Logics in Artificial Intelligence}}

@string{lipics = {Leibniz International Proceedings in Informatics (LIPIcs)}}

@string{lmcs = {Logical Methods in Computer Science}}

@string{lmslns = {London Mathematical Society Lecture Note Series}}

@string{lnai = {Lecture Notes in Artificial Intelligence}}

@string{lncs = {LNCS}}

@string{mc = {Morgan Kaufmann}}

@string{mcp = {Morgan \& Claypool}}

@string{mcs = {Monographs in Computer Science}}

@string{mfslovensk = {Mat.-Fyz. \v Casopis. Slovensk. Akad. Vied}}

@string{mit = {MIT Press}}

@string{ml = {Machine Learning}}

@string{mlq = {Mathematical Logic Quarterly}}

@string{mp = {Mathematical Programming}}

@string{mps = {Mathematical Programming Studies}}

@string{mst = {Math. Systems Theory}}

@string{ndjfl = {Notre Dame J. Formal Logic}}

@string{net = {Networks}}

@string{ngc = {New Generation Comput.}}

@string{njc = {Nordic J. Comput.}}

@string{northholland = {North-Holland Publishing Co.}}

@string{or = {Operations Research}}

@string{orl = {Oper. Res. Lett.}}

@string{oup = {Oxford University Press}}

@string{pbc = {Professional Book Center}}

@string{pml = {Perspectives in Mathematical Logic}}

@string{ppc = {Plenum Publishing Corporation}}

@string{pup = {Princeton University Press}}

@string{sbms = {Series of Books in the Mathematical Sciences}}

@string{scienceinchinaa = {Science in China Ser. A}}

@string{siam = {Society for Industrial and Applied Mathematics (SIAM)}}

@string{siamjadm = {SIAM J. Algebraic Discrete Methods}}

@string{siamjam = {SIAM J. Appl. Math.}}

@string{siamjc = {SIAM J. Comput.}}

@string{siamjdm = {SIAM J. Discrete Math.}}

@string{sigactnews = {SIGACT News}}

@string{springer = {Springer Verlag}}

@string{su = {University of Szeged, Hungary}}

@string{talg = {ACM Transactions on Algorithms}}

@string{taylor = {Taylor \& Francis}}

@string{tc = {Theory of Computing}}

@string{tcj = {The Computer Journal}}

@string{tcs = {Theoretical Computer Science}}

@string{tcsys = {Theory Comput. Syst.}}

@string{tplp = {Theory Pract. Log. Program.}}

@string{wiley = {John Wiley \& Sons}}

@string{zmlgm = {Z. Math. Logik Grundlagen Math.}}

@article{Codd70,
  author    = {E. F. Codd},
  title     = {A Relational Model of Data for Large Shared Data Banks},
  journal   = {Commun. {ACM}},
  volume    = {13},
  number    = {6},
  pages     = {377--387},
  year      = {1970}
}


@misc{FichteEtAl19c,
	Author = {Fichte, Johannes K. and Hecher, Markus and Zisser, Markus},
	Date-Added = {2019-07-16 10:00:08 +0200},
	Date-Modified = {2019-07-16 10:04:00 +0200},
	Month = Jul,
	Title = {{Analyzed Benchmarks and Raw Data on Experiments for gpusat2 (Dataset)}},
	Url = {https://doi.org/10.5281/zenodo.3337727},
	Year = 2019,
	Bdsk-Url-1 = {https://doi.org/10.5281/zenodo.1299742}}

@misc{FichteEtAl18b,
	Author = {Fichte, Johannes K. and Hecher, Markus and Woltran, Stefan and Zisser, Markus},
	Date-Added = {2019-07-16 09:57:59 +0200},
	Date-Modified = {2019-07-16 10:04:33 +0200},
	Month = jun,
	Title = {{A Benchmark Collection of \#{SAT} Instances and Tree Decompositions (Benchmark Set)}},
	Url = {https://doi.org/10.5281/zenodo.1299752},
	Year = 2018,
	Bdsk-Url-1 = {https://doi.org/10.5281/zenodo.1299752}}

@book{KleineBuningLettman99,
	Addressoff = {New York, NY, USA},
	Author = {Kleine B{\"u}ning, Hans and Lettman, Theodor},
	Date-Added = {2019-07-15 00:36:03 +0100},
	Date-Modified = {2019-07-15 00:36:03 +0100},
	Isbn = {978-0521630177},
	Pages = {420},
	Publisher = CamUP,
	Title = {Propositional logic: deduction and algorithms},
	Year = {1999}}

@article{ShapiroHaralick81a,
	Author = {Shapiro, Linda G. and Haralick, Robert M.},
	Date-Added = {2019-05-14 17:01:46 +0700},
	Date-Modified = {2019-05-14 17:08:12 +0700},
	Doioff = {10.1109/TPAMI.1981.4767144},
	Journal = ieeepami,
	Number = {5},
	Pages = {504--519},
	Publisher = ieee,
	Series = {09/1981},
	Title = {Structural Descriptions and Inexact Matching},
	Volume = {PAMI-3},
	Year = {1981},
	Bdsk-Url-1 = {https://doi.org/10.1109/TPAMI.1981.4767144}}

@inproceedings{Larrosa02a,
	Addressoff = {Edmonton, AB, Canada},
	Author = {Larrosa, Javier},
	Booktitle = {AAAI'02},
	Date-Added = {2019-05-14 16:56:13 +0700},
	Date-Modified = {2019-05-14 16:59:19 +0700},
	Editoroff = {Dechter, Rina and Kearns, Michael and Sutton, Richard S.},
	Monthoff = jul,
	Pages = {48--53},
	Publisher = aip,
	Title = {Node and arc consistency in weighted csp},
	Year = {2002},
	Bdsk-File-1 = {YnBsaXN0MDDSAQIDBFxyZWxhdGl2ZVBhdGhZYWxpYXNEYXRhXxAxLi4vLi4vLi4vLi4vLi4vLi4vLi4vLi4vTGl0ZXJhdHVyZS9MYXJyb3NhMDJhLnBkZk8RAYAAAAAAAYAAAgAADE1hY2ludG9zaCBIRAAAAAAAAAAAAAAAAAAAANJJBlFIKwAAAArsKw5MYXJyb3NhMDJhLnBkZgAAAAAAAAAAAAAAAAAAAAAAAAAAAAAAAAAAAAAAAAAAAAAAAAAAAAAAAAAAAAAAAAADPOQ32QCkUwAAAAAAAAAAAAgAAgAACSAAAAAAAAAAAAAAAAAAAAAKTGl0ZXJhdHVyZQAQAAgAANJIo+EAAAARAAgAANkAQeMAAAABAAwACuwrAAllGgAGKpoAAgA2TWFjaW50b3NoIEhEOlVzZXJzOgBmaWNodGU6AExpdGVyYXR1cmU6AExhcnJvc2EwMmEucGRmAA4AHgAOAEwAYQByAHIAbwBzAGEAMAAyAGEALgBwAGQAZgAPABoADABNAGEAYwBpAG4AdABvAHMAaAAgAEgARAASACZVc2Vycy9maWNodGUvTGl0ZXJhdHVyZS9MYXJyb3NhMDJhLnBkZgATAAEvAAAVAAIADf//AAAACAANABoAJABYAAAAAAAAAgEAAAAAAAAABQAAAAAAAAAAAAAAAAAAAdw=}}

@techreport{KaskEtAl01a,
	Author = {Kask, Kalev and Dechter, Rina and Larrosa, Javier and Cozman, Fabio},
	Date-Added = {2019-05-13 18:52:15 +0700},
	Date-Modified = {2019-05-13 18:55:16 +0700},
	Institution = {Donald Bren School of Information and Computer Sciences University of California at Irvine},
	Title = {Bucket-Tree Elimination for Automated Reasoning},
	Url = {https://www.ics.uci.edu/~dechter/publications/},
	Year = {2001},
	Bdsk-File-1 = {YnBsaXN0MDDSAQIDBFxyZWxhdGl2ZVBhdGhZYWxpYXNEYXRhXxA8Li4vLi4vLi4vLi4vLi4vLi4vLi4vLi4vTGl0ZXJhdHVyZS9LYXNrRGVjaHRlckxhcnJvc2EwMWEucGRmTxEBrgAAAAABrgACAAAMTWFjaW50b3NoIEhEAAAAAAAAAAAAAAAAAAAA0kkGUUgrAAAACuwrGUthc2tEZWNodGVyTGFycm9zYTAxYS5wZGYAAAAAAAAAAAAAAAAAAAAAAAAAAAAAAAAAAAAAAAAAAAAAAAAAAAM8Ft/Y/239AAAAAAAAAAAACAACAAAJIAAAAAAAAAAAAAAAAAAAAApMaXRlcmF0dXJlABAACAAA0kij4QAAABEACAAA2P8LjQAAAAEADAAK7CsACWUaAAYqmgACAEFNYWNpbnRvc2ggSEQ6VXNlcnM6AGZpY2h0ZToATGl0ZXJhdHVyZToAS2Fza0RlY2h0ZXJMYXJyb3NhMDFhLnBkZgAADgA0ABkASwBhAHMAawBEAGUAYwBoAHQAZQByAEwAYQByAHIAbwBzAGEAMAAxAGEALgBwAGQAZgAPABoADABNAGEAYwBpAG4AdABvAHMAaAAgAEgARAASADFVc2Vycy9maWNodGUvTGl0ZXJhdHVyZS9LYXNrRGVjaHRlckxhcnJvc2EwMWEucGRmAAATAAEvAAAVAAIADf//AAAACAANABoAJABjAAAAAAAAAgEAAAAAAAAABQAAAAAAAAAAAAAAAAAAAhU=}}

@article{FiorettoPontelliYeoh16a,
	Author = {Fioretto, Ferdinando and Pontelli, Enrico and Yeoh, William and Dechter, Rina},
	Date-Added = {2019-05-13 17:20:03 +0700},
	Date-Modified = {2019-05-13 17:20:03 +0700},
	Doioff = {10.1007/s10601-017-9274-1},
	Issn = {1572-9354},
	Journal = cons,
	Month = jan,
	Number = {1},
	Pages = {1--23},
	Title = {Accelerating Exact and Approximate Inference for (Distributed) Discrete Optimization with {GPU}s},
	Volume = {23},
	Year = {2017},
	Bdsk-File-1 = {YnBsaXN0MDDSAQIDBFxyZWxhdGl2ZVBhdGhZYWxpYXNEYXRhXxA+Li4vLi4vLi4vLi4vLi4vLi4vLi4vLi4vTGl0ZXJhdHVyZS9GaW9yZXR0b1BvbnRlbGxpWWVvaDE2YS5wZGZPEQG2AAAAAAG2AAIAAAxNYWNpbnRvc2ggSEQAAAAAAAAAAAAAAAAAAADSSQZRSCsAAAAK7CsbRmlvcmV0dG9Qb250ZWxsaVllb2gxNmEucGRmAAAAAAAAAAAAAAAAAAAAAAAAAAAAAAAAAAAAAAAAAAAAAAAAAbqVxtWO29sAAAAAAAAAAAAIAAIAAAkgAAAAAAAAAAAAAAAAAAAACkxpdGVyYXR1cmUAEAAIAADSSKPhAAAAEQAIAADVjnlrAAAAAQAMAArsKwAJZRoABiqaAAIAQ01hY2ludG9zaCBIRDpVc2VyczoAZmljaHRlOgBMaXRlcmF0dXJlOgBGaW9yZXR0b1BvbnRlbGxpWWVvaDE2YS5wZGYAAA4AOAAbAEYAaQBvAHIAZQB0AHQAbwBQAG8AbgB0AGUAbABsAGkAWQBlAG8AaAAxADYAYQAuAHAAZABmAA8AGgAMAE0AYQBjAGkAbgB0AG8AcwBoACAASABEABIAM1VzZXJzL2ZpY2h0ZS9MaXRlcmF0dXJlL0Zpb3JldHRvUG9udGVsbGlZZW9oMTZhLnBkZgAAEwABLwAAFQACAA3//wAAAAgADQAaACQAZQAAAAAAAAIBAAAAAAAAAAUAAAAAAAAAAAAAAAAAAAIf}}

@inproceedings{BacchusDalmaoPitassi03,
	Addressoff = {Cambridge, MA, USA},
	Author = {Bacchus, Fahiem and Dalmao, Shannon and Pitassi, Toniann},
	Booktitle = {FOCS'03},
	Date-Modified = {2019-05-15 17:10:01 +0700},
	Editoroff = {Chekuri, Chandra Sekhar and Micciancio, Daniele},
	Monthoff = oct,
	Pages = {340--351},
	Publisher = ieee,
	Title = {Algorithms and Complexity Results for {{\#}SAT} and Bayesian Inference},
	Year = {2003}}

@article{Roth96,
	Author = {Roth, Dan},
	Journal = {Artif. Intell.},
	Number = {1-2},
	Pages = {273--302},
	Title = {On the Hardness of Approximate Reasoning},
	Volume = {82},
	Year = {1996}}

@book{Cook13a,
	Address = {San Francisco, CA, USA},
	Author = {Cook, Shane},
	Date-Added = {2019-03-08 15:17:25 +0900},
	Date-Modified = {2019-03-08 15:17:26 +0900},
	Edition = {1st},
	Isbn = {9780124159334, 9780124159884},
	Publisher = {Morgan Kaufmann Publishers Inc.},
	Title = {CUDA Programming: A Developer's Guide to Parallel Computing with GPUs},
	Year = {2013}}

@book{MunshiGasterMattson11a,
	Author = {Munshi, Aaftab and Gaster, Benedict and Mattson, Timothy G. and Fung, James and Ginsburg, Dan},
	Date-Added = {2019-03-08 15:15:46 +0900},
	Date-Modified = {2019-03-08 15:15:57 +0900},
	Edition = {1st},
	Isbn = {0321749642, 9780321749642},
	Publisher = aw,
	Title = {OpenCL Programming Guide},
	Year = {2011}}

@article{opencl,
	Date-Modified = {2019-03-08 15:15:03 +0900},
	Title = {{OpenCL} 1.2 Documentation},
	Url = {https://www.khronos.org/registry/OpenCL/sdk/1.2/docs/},
	Year = {2018},
	Bdsk-Url-1 = {https://www.khronos.org/registry/OpenCL/sdk/1.2/docs/}}

@article{cuda,
	Title = {CUDA Documentation},
	Url = {https://docs.nvidia.com/cuda/},
	Year = {2019},
	Bdsk-Url-1 = {https://docs.nvidia.com/cuda/}}

@article{ieee754,
	Date-Modified = {2019-05-15 17:01:12 +0700},
	Doioff = {10.1109/IEEESTD.2008.4610935},
	Journal = {IEEE Std 754-2008},
	Keywords = {floating point arithmetic;IEEE standards;programming;IEEE standard;decimal floating-point arithmetic;computer programming;arithmetic formats;754-2008;arithmetic;binary;computer;decimal;exponent;floating-point;format;interchange;NaN;number;rounding;significand;subnormal},
	Month = {Aug},
	Pages = {1--70},
	Title = {{IEEE} Standard for Floating-Point Arithmetic},
	Year = {2008},
	Bdsk-Url-1 = {https://doi.org/10.1109/IEEESTD.2008.4610935}}

@inproceedings{Raynal15a,
	Abstract = {This short position paper discusses the fact that, from a teaching point of view, parallelism and distributed computing are often confused, while, when looking at their deep nature, they address distinct fundamental issues. Hence, appropriate curricula should be separately designed for each of them. The ``everything is in everything (and reciprocally)'' attitude does not seem to be a relevant approach to teach students the important concepts which characterize parallelism on the one side, and distributed computing on the other side.},
	Author = {Raynal, Michel},
	Booktitle = {Proceedings of the Parallel Processing Workshops (Euro-Par'15)},
	Date-Added = {2019-02-28 22:15:05 +0100},
	Date-Modified = {2019-02-28 22:16:41 +0100},
	Doioff = {10.1007/978-3-319-27308-2_4},
	Editor = {Hunold, Sascha and Costan, Alexandru and Gim{\'e}nez, Domingo and Iosup, Alexandru and Ricci, Laura and G{\'o}mez Requena, Mar{\'\i}a Engracia and Scarano, Vittorio and Varbanescu, Ana Lucia and Scott, Stephen L. and Lankes, Stefan and Weidendorfer, Josef and Alexander, Michael},
	Isbn = {978-3-319-27308-2},
	Pages = {41--53},
	Publisher = springer,
	Series = lncs,
	Title = {Parallel Computing vs. Distributed Computing: A Great Confusion? (Position Paper)},
	Volume = {9523},
	Year = {2015},
	Bdsk-Url-1 = {https://doi.org/10.1007/978-3-319-27308-2_4}}

@inproceedings{LagniezMarquisSzczepanski18a,
	Author = {Lagniez, Jean-Marie and Marquis, Pierre and Szczepanski, Nicolas},
	Booktitle = {IJCAI'18},
	Date-Added = {2019-02-28 21:40:54 +0100},
	Date-Modified = {2019-02-28 21:41:13 +0100},
	Doioff = {10.24963/ijcai.2018/185},
	Monthoff = {7},
	Pages = {1331--1338},
	Publisher = aip,
	Title = {DMC: A Distributed Model Counter},
	Year = {2018},
	Bdsk-Url-1 = {https://doi.org/10.24963/ijcai.2018/185}}

@inproceedings{FichteEtAl18c,
	Author = {Fichte, Johannes Klaus and Hecher, Markus and Woltran, Stefan and Zisser, Markus},
	Booktitle = {Proceedings of the 26th Annual European Symposium on Algorithms ({ESA}'18)},
	Date-Modified = {2019-03-08 15:19:40 +0900},
	Doioff = {10.4230/LIPIcs.ESA.2018.28},
	Editor = {Azar, Yossi and Bast, Hannah and Herman, Grzegorz},
	Isbn = {978-3-95977-081-1},
	Pages = {28:1--28:16},
	Publisher = dp,
	Series = lipics,
	Title = {Weighted Model Counting on the {GPU} by Exploiting Small Treewidth},
	Volume = {112},
	Year = {2018},
	Bdsk-Url-1 = {https://doi.org/10.4230/LIPIcs.ESA.2018.28}}


@inproceedings{FichteHecherMeier19,
	Address = {Honolulu, Hawaii, USA},
	Author = {Fichte, Johannes Klaus and Hecher, Markus and Meier, Arne},
	Booktitle = {Proceedings of the 33rd AAAI Conference on Artificial Intelligence (AAA'19)},
	Date-Modified = {2019-05-28 20:22:02 +0200},
	Editor = {Hentenryck, Pascal Van and Zhou, Zhi-Hua},
	Note = {To appear. Author's archived copy available at \url{https://arxiv.org/abs/1811.11501}},
	Title = {Counting Complexity for Reasoning in Abstract Argumentation},
	Year = {2018}}




@inproceedings{FichteHecher19,
  author    = {Johannes Klaus Fichte and
               Markus Hecher},
  title     = {Treewidth and Counting Projected Answer Sets},
  booktitle = {Proceedings of the 15th International Conference on Logic Programming and Nonmonotonic Reasoning (LPNMR'19)},
  series    = lncs,
  volume    = {11481},
  pages     = {105--119},
  publisher = {Springer},
  year      = {2019}
}


@unpublished{KaminskiEtAl17a,
	Author = {Kaminski, Roland and Schneider, Marius and Rabener, Tobias and others},
	Date-Added = {2018-06-28 13:10:56 +0000},
	Date-Modified = {2018-06-28 13:10:56 +0000},
	Note = {\url{https://github.com/potassco/benchmark-tool}},
	Title = {benchmark-tool},
	Year = {2017}}

@misc{ZadkaRossum01a,
	Author = {Zadka, Moshe and van Rossum, Guido},
	Date-Added = {2018-06-28 12:07:19 +0000},
	Date-Modified = {2018-06-28 12:07:29 +0000},
	Howpublished = {\url{https://www.python.org/dev/peps/pep-0237/}},
	Title = {{PEP} 237 -- Unifying Long Integers and Integers},
	Year = {2001}}

@inproceedings{XueChoiDarwiche12a,
	Addressoff = {Toronto, ON, Canada},
	Author = {Xue, Yexiang and Choi, Arthur and Darwiche, Adnan},
	Booktitle = {AAAI'12},
	Date-Added = {2018-06-28 12:07:06 +0000},
	Date-Modified = {2018-06-29 09:10:07 +0000},
	Editoroff = {Hoffmann, J{\"o}rg and Selman, Bart},
	Publisher = aip,
	Title = {Basing Decisions on Sentences in Decision Diagrams},
	Year = {2012},
	Bdsk-File-1 = {YnBsaXN0MDDSAQIDBFxyZWxhdGl2ZVBhdGhZYWxpYXNEYXRhXxA5Li4vLi4vLi4vLi4vLi4vLi4vLi4vLi4vTGl0ZXJhdHVyZS9YdWVDaG9pRGFyd2ljaGUxMmEucGRmTxEBoAAAAAABoAACAAAMTWFjaW50b3NoIEhEAAAAAAAAAAAAAAAAAAAA0kkGUUgrAAAACuwrFlh1ZUNob2lEYXJ3aWNoZTEyYS5wZGYAAAAAAAAAAAAAAAAAAAAAAAAAAAAAAAAAAAAAAAAAAAAAAAAAAAAAAAG6swDVjvEAAAAAAAAAAAAACAACAAAJIAAAAAAAAAAAAAAAAAAAAApMaXRlcmF0dXJlABAACAAA0kij4QAAABEACAAA1Y6OkAAAAAEADAAK7CsACWUaAAYqmgACAD5NYWNpbnRvc2ggSEQ6VXNlcnM6AGZpY2h0ZToATGl0ZXJhdHVyZToAWHVlQ2hvaURhcndpY2hlMTJhLnBkZgAOAC4AFgBYAHUAZQBDAGgAbwBpAEQAYQByAHcAaQBjAGgAZQAxADIAYQAuAHAAZABmAA8AGgAMAE0AYQBjAGkAbgB0AG8AcwBoACAASABEABIALlVzZXJzL2ZpY2h0ZS9MaXRlcmF0dXJlL1h1ZUNob2lEYXJ3aWNoZTEyYS5wZGYAEwABLwAAFQACAA3//wAAAAgADQAaACQAYAAAAAAAAAIBAAAAAAAAAAUAAAAAAAAAAAAAAAAAAAIE}}

@inproceedings{Thurley06a,
	Addressoff = {Seattle, WA, USA},
	Author = {Thurley, Marc},
	Booktitle = {SAT'06},
	Date-Added = {2018-06-28 12:04:22 +0000},
	Date-Modified = {2018-06-28 12:04:22 +0000},
	Doioff = {10.1007/11814948_38},
	Editoroff = {Biere, Armin and Gomes, Carla P.},
	Isbn = {978-3-540-37207-3},
	Pages = {424--429},
	Publisher = springer,
	Title = {{sharpSAT} -- Counting Models with Advanced Component Caching and Implicit {BCP}},
	Year = {2006},
	Bdsk-File-1 = {YnBsaXN0MDDSAQIDBFxyZWxhdGl2ZVBhdGhZYWxpYXNEYXRhXxAlLi4vLi4vLi4vLi4vTGl0ZXJhdHVyZS9UaHVybGV5MDZhLnBkZk8RAUoAAAAAAUoAAgAADE1hY2ludG9zaCBIRAAAAAAAAAAAAAAAAAAAAAAAAABCRAAB/////w5UaHVybGV5MDZhLnBkZgAAAAAAAAAAAAAAAAAAAAAAAAAAAAAAAAAAAAAAAAAAAAAAAAAAAAAAAAAAAAAAAAD/////AAAAAAAAAAAAAAAAAAQAAgAACiBjdQAAAAAAAAAAAAAAAAAKTGl0ZXJhdHVyZQACACgvOlVzZXJzOmZpY2h0ZTpMaXRlcmF0dXJlOlRodXJsZXkwNmEucGRmAA4AHgAOAFQAaAB1AHIAbABlAHkAMAA2AGEALgBwAGQAZgAPABoADABNAGEAYwBpAG4AdABvAHMAaAAgAEgARAASACZVc2Vycy9maWNodGUvTGl0ZXJhdHVyZS9UaHVybGV5MDZhLnBkZgATAAEvAAAVAAIADf//AAAACAANABoAJABMAAAAAAAAAgEAAAAAAAAABQAAAAAAAAAAAAAAAAAAAZo=},
	Bdsk-Url-1 = {http://dx.doi.org/10.1007/11814948_38}}

@inproceedings{StevensEtAl17,
	Address = {Santa Barbara, CA, USA},
	Author = {Stevens, Marc and Bursztein, Elie and Karpman, Pierre and Albertini, Ange and Markov, Yarik},
	Booktitle = {Proceedings of the 37th Annual International Cryptology Conference (Advances in Cryptology -- CRYPTO'17)},
	Date-Added = {2018-06-28 12:04:03 +0000},
	Date-Modified = {2018-06-28 12:04:03 +0000},
	Doioff = {10.1007/978-3-319-63688-7_19},
	Editor = {Katz, Jonathan and Shacham, Hovav},
	Isbn = {978-3-319-63688-7},
	Month = aug,
	Pages = {570--596},
	Publisher = springer,
	Series = lncs,
	Title = {The First Collision for Full SHA-1},
	Volume = {10401},
	Year = {2017},
	Bdsk-File-1 = {YnBsaXN0MDDSAQIDBFxyZWxhdGl2ZVBhdGhZYWxpYXNEYXRhXxBBLi4vLi4vLi4vLi4vLi4vLi4vLi4vLi4vTGl0ZXJhdHVyZS9TdGV2ZW5zQnVyc3p0ZWluS2FycG1hbjE3YS5wZGZPEQHAAAAAAAHAAAIAAAxNYWNpbnRvc2ggSEQAAAAAAAAAAAAAAAAAAADSSQZRSCsAAAAK7CseU3RldmVuc0J1cnN6dGVpbkthcnBtYW4xN2EucGRmAAAAAAAAAAAAAAAAAAAAAAAAAAAAAAAAAAAAAAAAAAAAAiN2VtZYX5EAAAAAAAAAAAAIAAIAAAkgAAAAAAAAAAAAAAAAAAAACkxpdGVyYXR1cmUAEAAIAADSSKPhAAAAEQAIAADWV/0hAAAAAQAMAArsKwAJZRoABiqaAAIARk1hY2ludG9zaCBIRDpVc2VyczoAZmljaHRlOgBMaXRlcmF0dXJlOgBTdGV2ZW5zQnVyc3p0ZWluS2FycG1hbjE3YS5wZGYADgA+AB4AUwB0AGUAdgBlAG4AcwBCAHUAcgBzAHoAdABlAGkAbgBLAGEAcgBwAG0AYQBuADEANwBhAC4AcABkAGYADwAaAAwATQBhAGMAaQBuAHQAbwBzAGgAIABIAEQAEgA2VXNlcnMvZmljaHRlL0xpdGVyYXR1cmUvU3RldmVuc0J1cnN6dGVpbkthcnBtYW4xN2EucGRmABMAAS8AABUAAgAN//8AAAAIAA0AGgAkAGgAAAAAAAACAQAAAAAAAAAFAAAAAAAAAAAAAAAAAAACLA==},
	Bdsk-Url-1 = {https://doi.org/10.1007/978-3-319-63688-7_19}}

@inproceedings{SangBeameKautz05a,
	Author = {Sang, Tian and Beame, Paul and Kautz, Henry},
	Booktitle = {AAAI'05},
	Date-Added = {2018-06-28 12:03:43 +0000},
	Date-Modified = {2018-06-28 12:03:43 +0000},
	Editoroff = {Veloso, Manuela M. and Kambhampati, Subbarao},
	Publisher = aip,
	Title = {Performing Bayesian Inference by Weighted Model Counting},
	Year = {2005},
	Bdsk-File-1 = {YnBsaXN0MDDSAQIDBFxyZWxhdGl2ZVBhdGhZYWxpYXNEYXRhXxA4Li4vLi4vLi4vLi4vLi4vLi4vLi4vLi4vTGl0ZXJhdHVyZS9TYW5nQmVhbWVLYXV0ejA1YS5wZGZPEQGeAAAAAAGeAAIAAAxNYWNpbnRvc2ggSEQAAAAAAAAAAAAAAAAAAADSSQZRSCsAAAAK7CsVU2FuZ0JlYW1lS2F1dHowNWEucGRmAAAAAAAAAAAAAAAAAAAAAAAAAAAAAAAAAAAAAAAAAAAAAAAAAAAAAAAAAbqxqdWO71AAAAAAAAAAAAAIAAIAAAkgAAAAAAAAAAAAAAAAAAAACkxpdGVyYXR1cmUAEAAIAADSSKPhAAAAEQAIAADVjozgAAAAAQAMAArsKwAJZRoABiqaAAIAPU1hY2ludG9zaCBIRDpVc2VyczoAZmljaHRlOgBMaXRlcmF0dXJlOgBTYW5nQmVhbWVLYXV0ejA1YS5wZGYAAA4ALAAVAFMAYQBuAGcAQgBlAGEAbQBlAEsAYQB1AHQAegAwADUAYQAuAHAAZABmAA8AGgAMAE0AYQBjAGkAbgB0AG8AcwBoACAASABEABIALVVzZXJzL2ZpY2h0ZS9MaXRlcmF0dXJlL1NhbmdCZWFtZUthdXR6MDVhLnBkZgAAEwABLwAAFQACAA3//wAAAAgADQAaACQAXwAAAAAAAAIBAAAAAAAAAAUAAAAAAAAAAAAAAAAAAAIB}}

@inproceedings{SangEtAl04,
	Addressoff = {Vancouver, BC, Canada},
	Author = {Sang, Tian and Bacchus, Fahiem and Beame, Paul and Kautz, Henry and Pitassi, Toniann},
	Booktitle = {SAT'04},
	Date-Added = {2018-06-28 12:03:16 +0000},
	Date-Modified = {2018-06-28 12:03:16 +0000},
	Editoroff = {Hoos, Holger H. and Mitchell, David G.},
	Title = {Combining Component Caching and Clause Learning for Effective Model Counting},
	Year = {2004},
	Bdsk-File-1 = {YnBsaXN0MDDSAQIDBFxyZWxhdGl2ZVBhdGhZYWxpYXNEYXRhXxA2Li4vLi4vLi4vLi4vLi4vLi4vLi4vLi4vRG93bmxvYWRzL21vZGVsY291bnQtc2F0MDQucGRmTxEBmAAAAAABmAACAAAMTWFjaW50b3NoIEhEAAAAAAAAAAAAAAAAAAAA0kkGUUgrAAAACWUdFG1vZGVsY291bnQtc2F0MDQucGRmAAAAAAAAAAAAAAAAAAAAAAAAAAAAAAAAAAAAAAAAAAAAAAAAAAAAAAAAAABZil3S0GhkAAAAAAAAAAAACAACAAAJIAAAAAAAAAAAAAAAAAAAAAlEb3dubG9hZHMAABAACAAA0kij4QAAABEACAAA0tAF9AAAAAEADAAJZR0ACWUaAAYqmgACADtNYWNpbnRvc2ggSEQ6VXNlcnM6AGZpY2h0ZToARG93bmxvYWRzOgBtb2RlbGNvdW50LXNhdDA0LnBkZgAADgAqABQAbQBvAGQAZQBsAGMAbwB1AG4AdAAtAHMAYQB0ADAANAAuAHAAZABmAA8AGgAMAE0AYQBjAGkAbgB0AG8AcwBoACAASABEABIAK1VzZXJzL2ZpY2h0ZS9Eb3dubG9hZHMvbW9kZWxjb3VudC1zYXQwNC5wZGYAABMAAS8AABUAAgAN//8AAAAIAA0AGgAkAF0AAAAAAAACAQAAAAAAAAAFAAAAAAAAAAAAAAAAAAAB+Q==}}

@article{SamerSzeider10b,
	Author = {Samer, Marko and Szeider, Stefan},
	Date-Added = {2018-06-28 12:02:56 +0000},
	Date-Modified = {2018-06-28 12:03:05 +0000},
	Doioff = {10.1016/j.jda.2009.06.002},
	Journal = jda,
	Number = {1},
	Pages = {50---64},
	Title = {Algorithms for propositional model counting},
	Volume = {8},
	Year = {2010},
	Bdsk-File-1 = {YnBsaXN0MDDSAQIDBFxyZWxhdGl2ZVBhdGhZYWxpYXNEYXRhXxA2Li4vLi4vLi4vLi4vLi4vLi4vLi4vLi4vTGl0ZXJhdHVyZS9TYW1lclN6ZWlkZXIxMGIucGRmTxEBlgAAAAABlgACAAAMTWFjaW50b3NoIEhEAAAAAAAAAAAAAAAAAAAA0kkGUUgrAAAACuwrE1NhbWVyU3plaWRlcjEwYi5wZGYAAAAAAAAAAAAAAAAAAAAAAAAAAAAAAAAAAAAAAAAAAAAAAAAAAAAAAAAAAAD2/LjUSTkKAAAAAAAAAAAACAACAAAJIAAAAAAAAAAAAAAAAAAAAApMaXRlcmF0dXJlABAACAAA0kij4QAAABEACAAA1EjWmgAAAAEADAAK7CsACWUaAAYqmgACADtNYWNpbnRvc2ggSEQ6VXNlcnM6AGZpY2h0ZToATGl0ZXJhdHVyZToAU2FtZXJTemVpZGVyMTBiLnBkZgAADgAoABMAUwBhAG0AZQByAFMAegBlAGkAZABlAHIAMQAwAGIALgBwAGQAZgAPABoADABNAGEAYwBpAG4AdABvAHMAaAAgAEgARAASACtVc2Vycy9maWNodGUvTGl0ZXJhdHVyZS9TYW1lclN6ZWlkZXIxMGIucGRmAAATAAEvAAAVAAIADf//AAAACAANABoAJABdAAAAAAAAAgEAAAAAAAAABQAAAAAAAAAAAAAAAAAAAfc=},
	Bdsk-Url-1 = {http://dx.doi.org/10.1016/j.jda.2009.06.002}}

@article{SaetherTelleVatshelle15a,
	Author = {S{\ae}ther, Sigve Hortemo and Telle, Jan Arne and Vatshelle, Martin},
	Date-Added = {2018-06-28 12:02:29 +0000},
	Date-Modified = {2018-06-28 12:02:35 +0000},
	Journal = jair,
	Pages = {59--82},
	Title = {Solving \#{SAT} and {MAXSAT} by dynamic programming},
	Volume = {54},
	Year = {2015},
	Bdsk-File-1 = {YnBsaXN0MDDSAQIDBFxyZWxhdGl2ZVBhdGhZYWxpYXNEYXRhbxA+AC4ALgAvAC4ALgAvAC4ALgAvAC4ALgAvAC4ALgAvAC4ALgAvAC4ALgAvAC4ALgAvAEwAaQB0AGUAcgBhAHQAdQByAGUALwBTAOYAdABoAGUAcgBUAGUAbABsAGUAVgBhAHQAcwBoAGUAbABsAGUAMQA1AGEALgBwAGQAZk8RAbYAAAAAAbYAAgAADE1hY2ludG9zaCBIRAAAAAAAAAAAAAAAAAAAANJJBlFIKwAAAArsKxtTvnRoZXJUZWxsZVZhdHNoZWxsZTE1YS5wZGYAAAAAAAAAAAAAAAAAAAAAAAAAAAAAAAAAAAAAAAAAAAAAAAAAtz2w07LRSgAAAAAAAAAAAAgAAgAACSAAAAAAAAAAAAAAAAAAAAAKTGl0ZXJhdHVyZQAQAAgAANJIo+EAAAARAAgAANOybtoAAAABAAwACuwrAAllGgAGKpoAAgBDTWFjaW50b3NoIEhEOlVzZXJzOgBmaWNodGU6AExpdGVyYXR1cmU6AFO+dGhlclRlbGxlVmF0c2hlbGxlMTVhLnBkZgAADgA4ABsAUwDmAHQAaABlAHIAVABlAGwAbABlAFYAYQB0AHMAaABlAGwAbABlADEANQBhAC4AcABkAGYADwAaAAwATQBhAGMAaQBuAHQAbwBzAGgAIABIAEQAEgA0VXNlcnMvZmljaHRlL0xpdGVyYXR1cmUvU8OmdGhlclRlbGxlVmF0c2hlbGxlMTVhLnBkZgATAAEvAAAVAAIADf//AAAACAANABoAJACjAAAAAAAAAgEAAAAAAAAABQAAAAAAAAAAAAAAAAAAAl0=}}

@inproceedings{MuiseEtAl12a,
	Addressoff = {Toronto, ON, Canada},
	Author = {Muise, Christian J .and McIlraith, Sheila A. and Beck, J. Christopher and Hsu, Eric I.},
	Booktitle = {AI'17},
	Date-Added = {2018-06-28 11:59:35 +0000},
	Date-Modified = {2018-06-28 12:16:18 +0000},
	Doioff = {10.1007/978-3-642-30353-1_36},
	Editoroff = {Kosseim, Leila and Inkpen, Diana},
	Isbn = {978-3-642-30353-1},
	Organization = springer,
	Pages = {356--361},
	Series = lncs,
	Title = {{Dsharp}: Fast d-{DNNF} Compilation with {sharpSAT}},
	Volume = {7310},
	Year = {2012},
	Bdsk-Url-1 = {https://doi.org/10.1007/978-3-642-30353-1_36}}

@article{Manthey16a,
	Author = {Manthey, Norbert},
	Date-Added = {2018-06-28 11:59:21 +0000},
	Date-Modified = {2018-06-28 11:59:21 +0000},
	Doioff = {10.1007/s13218-015-0406-8},
	Journal = ki,
	Number = {3-4},
	Pages = {339--342},
	Title = {Towards Next Generation Sequential and Parallel {SAT} Solvers},
	Volume = {30},
	Year = {2016},
	Bdsk-File-1 = {YnBsaXN0MDDSAQIDBFxyZWxhdGl2ZVBhdGhZYWxpYXNEYXRhXxAxLi4vLi4vLi4vLi4vLi4vLi4vLi4vLi4vTGl0ZXJhdHVyZS9NYW50aGV5MTZhLnBkZk8RAYAAAAAAAYAAAgAADE1hY2ludG9zaCBIRAAAAAAAAAAAAAAAAAAAANJJBlFIKwAAAArsKw5NYW50aGV5MTZhLnBkZgAAAAAAAAAAAAAAAAAAAAAAAAAAAAAAAAAAAAAAAAAAAAAAAAAAAAAAAAAAAAAAAAABupK21Y7ZmQAAAAAAAAAAAAgAAgAACSAAAAAAAAAAAAAAAAAAAAAKTGl0ZXJhdHVyZQAQAAgAANJIo+EAAAARAAgAANWOdykAAAABAAwACuwrAAllGgAGKpoAAgA2TWFjaW50b3NoIEhEOlVzZXJzOgBmaWNodGU6AExpdGVyYXR1cmU6AE1hbnRoZXkxNmEucGRmAA4AHgAOAE0AYQBuAHQAaABlAHkAMQA2AGEALgBwAGQAZgAPABoADABNAGEAYwBpAG4AdABvAHMAaAAgAEgARAASACZVc2Vycy9maWNodGUvTGl0ZXJhdHVyZS9NYW50aGV5MTZhLnBkZgATAAEvAAAVAAIADf//AAAACAANABoAJABYAAAAAAAAAgEAAAAAAAAABQAAAAAAAAAAAAAAAAAAAdw=},
	Bdsk-Url-1 = {https://doi.org/10.1007/s13218-015-0406-8},
	Bdsk-Url-2 = {http://dx.doi.org/10.1007/s13218-015-0406-8}}

@misc{GranlundEtAl16a,
	Author = {Granlund, Torbj{\"o}rn and Sj{\"o}din, Gunnar and Riesel, Hans and Stallman, Richard and Beuning, Brian and Lea, Doug and Zimmermann, Paul and Weber, Ken and Bothner, Per and Hollman, Joachim and Yee, Bennet and Schwab, Andreas and Harley, Robert and Seal, David and Ekedahl, Torsten and Nordberg, Linus and Ryde, Kevin and Boortz, Kent and Root, Steve and Ballabio, Gerardo and Moxham, Jason and M{\"o}ller, Niels and Zanoni, Alberto and Bodrato, Marco and Harvey, David and Boij, Martin and Glisse, Marc and Miller, David S and Sofroniou, Mark and Weigand, Ulrich},
	Date-Added = {2018-06-28 11:54:56 +0000},
	Date-Modified = {2018-06-28 11:55:26 +0000},
	Howpublished = {\url{https://gmplib.org}},
	Title = {The {GNU} Multiple Precision Arithmetic Library},
	Year = {2016}}

@incollection{GomesKautzSabharwalSelman08a,
	Addressoff = {Amsterdam, Netherlands},
	Author = {Gomes, Carla P. and Sabharwal, Ashish and Selman, Bart},
	Booktitle = {Handbook of Satisfiability},
	Date-Added = {2018-06-28 11:54:32 +0000},
	Date-Modified = {2018-06-28 11:54:32 +0000},
	Doioff = {10.3233/978-1-58603-929-5-633},
	Editoroff = {Biere, Armin and Heule, Marijn and van Maaren, Hans and Walsh, Toby},
	Monthoff = feb,
	Pages = {633--654},
	Publisher = ios,
	Series = faip,
	Title = {Chapter 20: Model Counting},
	Volume = {185},
	Year = {2009},
	Bdsk-File-1 = {YnBsaXN0MDDSAQIDBFxyZWxhdGl2ZVBhdGhZYWxpYXNEYXRhXxA+Li4vLi4vLi4vLi4vLi4vLi4vLi4vLi4vTGl0ZXJhdHVyZS9Hb21lc1NhYmhhcndhbFNlbG1hbjA4YS5wZGZPEQG2AAAAAAG2AAIAAAxNYWNpbnRvc2ggSEQAAAAAAAAAAAAAAAAAAADSSQZRSCsAAAAK7CsbR29tZXNTYWJoYXJ3YWxTZWxtYW4wOGEucGRmAAAAAAAAAAAAAAAAAAAAAAAAAAAAAAAAAAAAAAAAAAAAAAAAANbdTdP8kLIAAAAAAAAAAAAIAAIAAAkgAAAAAAAAAAAAAAAAAAAACkxpdGVyYXR1cmUAEAAIAADSSKPhAAAAEQAIAADT/C5CAAAAAQAMAArsKwAJZRoABiqaAAIAQ01hY2ludG9zaCBIRDpVc2VyczoAZmljaHRlOgBMaXRlcmF0dXJlOgBHb21lc1NhYmhhcndhbFNlbG1hbjA4YS5wZGYAAA4AOAAbAEcAbwBtAGUAcwBTAGEAYgBoAGEAcgB3AGEAbABTAGUAbABtAGEAbgAwADgAYQAuAHAAZABmAA8AGgAMAE0AYQBjAGkAbgB0AG8AcwBoACAASABEABIAM1VzZXJzL2ZpY2h0ZS9MaXRlcmF0dXJlL0dvbWVzU2FiaGFyd2FsU2VsbWFuMDhhLnBkZgAAEwABLwAAFQACAA3//wAAAAgADQAaACQAZQAAAAAAAAIBAAAAAAAAAAUAAAAAAAAAAAAAAAAAAAIf},
	Bdsk-Url-1 = {http://www.sciencedirect.com/science/article/pii/S1574652607030027},
	Bdsk-Url-2 = {http://dx.doi.org/10.1016/S1574-6526(07)03002-7}}

@article{GebserKaufmannSchaub12a,
	Author = {Gebser, Martin and Kaufmann, Benjamin and Schaub, Torsten},
	Date-Added = {2018-06-28 11:54:11 +0000},
	Date-Modified = {2018-06-28 11:54:11 +0000},
	Doioff = {10.1016/j.artint.2012.04.001},
	Journal = ai,
	Pages = {52--89},
	Title = {Conflict-Driven Answer Set Solving: From Theory to Practice},
	Volume = {187-188},
	Year = 2012,
	Bdsk-File-1 = {YnBsaXN0MDDSAQIDBFxyZWxhdGl2ZVBhdGhZYWxpYXNEYXRhXxAyLi4vLi4vLi4vLi4vTGl0ZXJhdHVyZS9HZWJzZXJLYXVmbWFublNjaGF1YjEyYS5wZGZPEQGAAAAAAAGAAAIAAAxNYWNpbnRvc2ggSEQAAAAAAAAAAAAAAAAAAAAAAAAAQkQAAf////8bR2Vic2VyS2F1Zm1hbm5TY2hhdWIxMmEucGRmAAAAAAAAAAAAAAAAAAAAAAAAAAAAAAAAAAAAAAAAAAAAAAAA/////wAAAAAAAAAAAAAAAAAEAAIAAAogY3UAAAAAAAAAAAAAAAAACkxpdGVyYXR1cmUAAgA1LzpVc2VyczpmaWNodGU6TGl0ZXJhdHVyZTpHZWJzZXJLYXVmbWFublNjaGF1YjEyYS5wZGYAAA4AOAAbAEcAZQBiAHMAZQByAEsAYQB1AGYAbQBhAG4AbgBTAGMAaABhAHUAYgAxADIAYQAuAHAAZABmAA8AGgAMAE0AYQBjAGkAbgB0AG8AcwBoACAASABEABIAM1VzZXJzL2ZpY2h0ZS9MaXRlcmF0dXJlL0dlYnNlckthdWZtYW5uU2NoYXViMTJhLnBkZgAAEwABLwAAFQACAA3//wAAAAgADQAaACQAWQAAAAAAAAIBAAAAAAAAAAUAAAAAAAAAAAAAAAAAAAHd}}

@inproceedings{FujiiFujimoto12a,
	Address = {Las Vegas, NV, {USA}},
	Author = {Fujii, Hironori and Fujimoto, Noriyuki},
	Booktitle = {Proceedings of the 24th International Conference on Parallel and Distributed Processing Techniques and Applications (PDPTA'12)},
	Date-Added = {2018-06-28 11:52:10 +0000},
	Date-Modified = {2018-06-28 11:52:57 +0000},
	Editor = {Arabnia, Hamid R. and Ishii, Hiroshi and Joe, Minoru Ito Kazuki and Nishikawa, Hiroaki},
	Isbn = {1-60132-227-5},
	Month = jul,
	Pages = {10--16},
	Publisher = {CSREA Press},
	Title = {GPU acceleration of BCP procedure for SAT algorithms},
	Year = {2012},
	Bdsk-File-1 = {YnBsaXN0MDDSAQIDBFxyZWxhdGl2ZVBhdGhZYWxpYXNEYXRhXxA3Li4vLi4vLi4vLi4vLi4vLi4vLi4vLi4vTGl0ZXJhdHVyZS9GdWppaUZ1amltb3RvMTJhLnBkZk8RAZgAAAAAAZgAAgAADE1hY2ludG9zaCBIRAAAAAAAAAAAAAAAAAAAANJJBlFIKwAAAArsKxRGdWppaUZ1amltb3RvMTJhLnBkZgAAAAAAAAAAAAAAAAAAAAAAAAAAAAAAAAAAAAAAAAAAAAAAAAAAAAAAAAABupVq1Y7bhwAAAAAAAAAAAAgAAgAACSAAAAAAAAAAAAAAAAAAAAAKTGl0ZXJhdHVyZQAQAAgAANJIo+EAAAARAAgAANWOeRcAAAABAAwACuwrAAllGgAGKpoAAgA8TWFjaW50b3NoIEhEOlVzZXJzOgBmaWNodGU6AExpdGVyYXR1cmU6AEZ1amlpRnVqaW1vdG8xMmEucGRmAA4AKgAUAEYAdQBqAGkAaQBGAHUAagBpAG0AbwB0AG8AMQAyAGEALgBwAGQAZgAPABoADABNAGEAYwBpAG4AdABvAHMAaAAgAEgARAASACxVc2Vycy9maWNodGUvTGl0ZXJhdHVyZS9GdWppaUZ1amltb3RvMTJhLnBkZgATAAEvAAAVAAIADf//AAAACAANABoAJABeAAAAAAAAAgEAAAAAAAAABQAAAAAAAAAAAAAAAAAAAfo=}}

@inproceedings{ErmonEtAl15,
	Address = {Austin, TX, {USA}},
	Author = {Ermon, Stefano and Xue, Yexiang and Toth, Russell and Dilkina, Bistra N. and Bernstein, Richard and Damoulas, Theodoros and Clark, Patrick and DeGloria, Steve and Mude, Andrew and Barrett, Christopher and Gomes, Carla P.},
	Bibsource = {dblp computer science bibliography, http://dblp.org},
	Biburl = {http://dblp.uni-trier.de/rec/bib/conf/aaai/ErmonXTDBDCDMBG15},
	Booktitle = {Proceedings of the Twenty-Ninth {AAAI} Conference on Artificial Intelligence},
	Crossref = {DBLP:conf/aaai/2015},
	Date-Added = {2018-06-28 08:33:40 +0000},
	Date-Modified = {2018-06-28 08:33:40 +0000},
	Editor = {Bonet, Blai and Koenig, Sven},
	Ee = {http://www.aaai.org/ocs/index.php/AAAI/AAAI15/paper/view/9725},
	Month = {January},
	Pages = {644--650},
	Publisher = aip,
	Timestamp = {Sun, 12 Apr 2015 15:18:08 +0200},
	Title = {Learning Large-Scale Dynamic Discrete Choice Models of Spatio-Temporal Preferences with Application to Migratory Pastoralism in East Africa},
	Year = {2015},
	Bdsk-Url-1 = {http://www.aaai.org/ocs/index.php/AAAI/AAAI15/paper/view/9725}}

@inproceedings{MeelEtAl17a,
	Addressoff = {San Francisco, CA, {USA}},
	Author = {Due{\~{n}}as{-}Osorio, Leonardo and Meel, Kuldeep S. and Paredes, Roger and Vardi, Moshe Y.},
	Booktitle = {AAAI'17},
	Date-Added = {2018-06-28 08:33:23 +0000},
	Date-Modified = {2018-06-28 08:33:23 +0000},
	Editoroff = {Singh, Satinder P. and Markovitch, Shaul},
	Monthoff = feb,
	Pages = {4488--4494},
	Publisher = aip,
	Title = {Counting-Based Reliability Estimation for Power-Transmission Grids},
	Year = {2017},
	Bdsk-File-1 = {YnBsaXN0MDDSAQIDBFxyZWxhdGl2ZVBhdGhZYWxpYXNEYXRhXxBCLi4vLi4vLi4vLi4vLi4vLi4vLi4vLi4vTGl0ZXJhdHVyZS9EdWVuYXMtT3NvcmlvTWVlbFBhcmVkZXMxN2EucGRmTxEBxgAAAAABxgACAAAMTWFjaW50b3NoIEhEAAAAAAAAAAAAAAAAAAAA0kkGUUgrAAAACuwrH0R1ZW5hcy1Pc29yaW9NZWVsUGFyZWRlczE3YS5wZGYAAAAAAAAAAAAAAAAAAAAAAAAAAAAAAAAAAAAAAAAAAAG6uvfVjxo6AAAAAAAAAAAACAACAAAJIAAAAAAAAAAAAAAAAAAAAApMaXRlcmF0dXJlABAACAAA0kij4QAAABEACAAA1Y63ygAAAAEADAAK7CsACWUaAAYqmgACAEdNYWNpbnRvc2ggSEQ6VXNlcnM6AGZpY2h0ZToATGl0ZXJhdHVyZToARHVlbmFzLU9zb3Jpb01lZWxQYXJlZGVzMTdhLnBkZgAADgBAAB8ARAB1AGUAbgBhAHMALQBPAHMAbwByAGkAbwBNAGUAZQBsAFAAYQByAGUAZABlAHMAMQA3AGEALgBwAGQAZgAPABoADABNAGEAYwBpAG4AdABvAHMAaAAgAEgARAASADdVc2Vycy9maWNodGUvTGl0ZXJhdHVyZS9EdWVuYXMtT3NvcmlvTWVlbFBhcmVkZXMxN2EucGRmAAATAAEvAAAVAAIADf//AAAACAANABoAJABpAAAAAAAAAgEAAAAAAAAABQAAAAAAAAAAAAAAAAAAAjM=}}

@article{DomshlakHoffmann07a,
	Author = {Domshlak, Carmel and Hoffmann, J{\"o}rg},
	Date-Added = {2018-06-28 08:33:09 +0000},
	Date-Modified = {2018-06-28 08:33:09 +0000},
	Doioff = {10.1613/jair.2289},
	Journal = jair,
	Title = {Probabilistic Planning via Heuristic Forward Search and Weighted Model Counting},
	Volume = {30},
	Year = {2007},
	Bdsk-File-1 = {YnBsaXN0MDDSAQIDBFxyZWxhdGl2ZVBhdGhZYWxpYXNEYXRhXxA6Li4vLi4vLi4vLi4vLi4vLi4vLi4vLi4vTGl0ZXJhdHVyZS9Eb21zaGxha0hvZmZtYW5uMDdhLnBkZk8RAaYAAAAAAaYAAgAADE1hY2ludG9zaCBIRAAAAAAAAAAAAAAAAAAAANJJBlFIKwAAAArsKxdEb21zaGxha0hvZmZtYW5uMDdhLnBkZgAAAAAAAAAAAAAAAAAAAAAAAAAAAAAAAAAAAAAAAAAAAAAAAAAAAAABurKL1Y7wNAAAAAAAAAAAAAgAAgAACSAAAAAAAAAAAAAAAAAAAAAKTGl0ZXJhdHVyZQAQAAgAANJIo+EAAAARAAgAANWOjcQAAAABAAwACuwrAAllGgAGKpoAAgA/TWFjaW50b3NoIEhEOlVzZXJzOgBmaWNodGU6AExpdGVyYXR1cmU6AERvbXNobGFrSG9mZm1hbm4wN2EucGRmAAAOADAAFwBEAG8AbQBzAGgAbABhAGsASABvAGYAZgBtAGEAbgBuADAANwBhAC4AcABkAGYADwAaAAwATQBhAGMAaQBuAHQAbwBzAGgAIABIAEQAEgAvVXNlcnMvZmljaHRlL0xpdGVyYXR1cmUvRG9tc2hsYWtIb2ZmbWFubjA3YS5wZGYAABMAAS8AABUAAgAN//8AAAAIAA0AGgAkAGEAAAAAAAACAQAAAAAAAAAFAAAAAAAAAAAAAAAAAAACCw==},
	Bdsk-Url-1 = {http://dx.doi.org/10.1613/jair.2289}}

@inproceedings{Dell17a,
	Author = {Dell, Holger and Komusiewicz, Christian and Talmon, Nimrod and Weller, Mathias},
	Booktitle = {IPEC'17},
	Date-Added = {2018-06-28 08:32:35 +0000},
	Date-Modified = {2018-06-28 08:32:35 +0000},
	Doioff = {10.4230/LIPIcs.IPEC.2017.30},
	Editoroff = {Lokshtanov, Daniel and Nishimura, Naomi},
	Pages = {30:1---30:13},
	Publisher = dp,
	Series = lipics,
	Title = {The PACE 2017 Parameterized Algorithms and Computational Experiments Challenge: The Second Iteration},
	Year = {2017},
	Bdsk-File-1 = {YnBsaXN0MDDSAQIDBFxyZWxhdGl2ZVBhdGhZYWxpYXNEYXRhXxA/Li4vLi4vLi4vLi4vLi4vLi4vLi4vLi4vTGl0ZXJhdHVyZS9EZWxsS29tdXNpZXdpY3pUYWxtb24xN2EucGRmTxEBuAAAAAABuAACAAAMTWFjaW50b3NoIEhEAAAAAAAAAAAAAAAAAAAA0kkGUUgrAAAACuwrHERlbGxLb211c2lld2ljelRhbG1vbjE3YS5wZGYAAAAAAAAAAAAAAAAAAAAAAAAAAAAAAAAAAAAAAAAAAAAAAAHytxnV8b9EAAAAAAAAAAAACAACAAAJIAAAAAAAAAAAAAAAAAAAAApMaXRlcmF0dXJlABAACAAA0kij4QAAABEACAAA1fFc1AAAAAEADAAK7CsACWUaAAYqmgACAERNYWNpbnRvc2ggSEQ6VXNlcnM6AGZpY2h0ZToATGl0ZXJhdHVyZToARGVsbEtvbXVzaWV3aWN6VGFsbW9uMTdhLnBkZgAOADoAHABEAGUAbABsAEsAbwBtAHUAcwBpAGUAdwBpAGMAegBUAGEAbABtAG8AbgAxADcAYQAuAHAAZABmAA8AGgAMAE0AYQBjAGkAbgB0AG8AcwBoACAASABEABIANFVzZXJzL2ZpY2h0ZS9MaXRlcmF0dXJlL0RlbGxLb211c2lld2ljelRhbG1vbjE3YS5wZGYAEwABLwAAFQACAA3//wAAAAgADQAaACQAZgAAAAAAAAIBAAAAAAAAAAUAAAAAAAAAAAAAAAAAAAIi},
	Bdsk-Url-1 = {https://pacechallenge.wordpress.com/pace-2017/track-a-treewidth/}}

@inproceedings{ChoiBroeckDarwiche15a,
	Author = {Choi, Arthur and Van den Broeck, Guy and Darwiche, Adnan},
	Booktitle = {IJCAI'15},
	Date-Added = {2018-06-27 17:16:23 +0000},
	Date-Modified = {2018-06-27 17:16:23 +0000},
	Editoroff = {Yang, Qiang},
	Publisher = aip,
	Title = {Tractable learning for structured probability spaces: A case study in learning preference distributions},
	Year = {2015},
	Bdsk-File-1 = {YnBsaXN0MDDSAQIDBFxyZWxhdGl2ZVBhdGhZYWxpYXNEYXRhXxBELi4vLi4vLi4vLi4vLi4vLi4vLi4vLi4vTGl0ZXJhdHVyZS9DaG9pVmFuIGRlbiBCcm9lY2tEYXJ3aWNoZTE1YS5wZGZPEQHMAAAAAAHMAAIAAAxNYWNpbnRvc2ggSEQAAAAAAAAAAAAAAAAAAADSSQZRSCsAAAAK7CsfQ2hvaVZhbiBkZW4gQnJvZWNrRCMxQkFCREFGLnBkZgAAAAAAAAAAAAAAAAAAAAAAAAAAAAAAAAAAAAAAAAAAAbq9r9WPHVEAAAAAAAAAAAAIAAIAAAkgAAAAAAAAAAAAAAAAAAAACkxpdGVyYXR1cmUAEAAIAADSSKPhAAAAEQAIAADVjrrhAAAAAQAMAArsKwAJZRoABiqaAAIAR01hY2ludG9zaCBIRDpVc2VyczoAZmljaHRlOgBMaXRlcmF0dXJlOgBDaG9pVmFuIGRlbiBCcm9lY2tEIzFCQUJEQUYucGRmAAAOAEQAIQBDAGgAbwBpAFYAYQBuACAAZABlAG4AIABCAHIAbwBlAGMAawBEAGEAcgB3AGkAYwBoAGUAMQA1AGEALgBwAGQAZgAPABoADABNAGEAYwBpAG4AdABvAHMAaAAgAEgARAASADlVc2Vycy9maWNodGUvTGl0ZXJhdHVyZS9DaG9pVmFuIGRlbiBCcm9lY2tEYXJ3aWNoZTE1YS5wZGYAABMAAS8AABUAAgAN//8AAAAIAA0AGgAkAGsAAAAAAAACAQAAAAAAAAAFAAAAAAAAAAAAAAAAAAACOw==}}

@inproceedings{SharmaEtAl19,
  author    = {Shubham Sharma and
               Subhajit Roy and
               Mate Soos and
               Kuldeep S. Meel},
  title     = {{GANAK:} {A} Scalable Probabilistic Exact Model Counter},
  booktitle = {{IJCAI}},
  pages     = {1169--1176},
  publisher = {ijcai.org},
  year      = {2019}
}
	
@article{CharwatWoltran17,
  author    = {G{\"{u}}nther Charwat and
               Stefan Woltran},
  title     = {Expansion-based {QBF} Solving on Tree Decompositions},
  journal   = {Fundam. Inform.},
  volume    = {167},
  number    = {1-2},
  pages     = {59--92},
  year      = {2019}
}

@inproceedings{CharwatWoltran16a,
	Authoroff = {Charwat, G{\"u}nther and Woltran, Stefan},
	Booktitle = {Proceedings of the 4th International Workshop on Quantified Boolean Formulas (QBF'16)},
	Date-Added = {2018-06-27 17:16:10 +0000},
	Date-Modified = {2018-06-27 17:16:10 +0000},
	Editor = {Lonsing, Florian and Seidl, Martina},
	Issn = {1613-0073},
	Note = {SAT'16},
	Pages = {27--40},
	Publisher = ceur,
	Title = {Dynamic Programming-based {QBF} Solving},
	Volume = {1719},
	Year = {2016}}

@inproceedings{ChakrabortyMeelVardi16a,
	Abstract = {Probabilistic inference via model counting has emerged as a scalable technique with strong formal guarantees, thanks to recent advances in hashing-based approximate counting. State-of-the-art hashing-based counting algorithms use an {\NP} oracle, such that the number of oracle invocations grows linearly in the number of variables n in the input constraint. We present a new approach to hashing-based approximate model counting in which the number of oracle invocations grows logarithmically in $n$, while still providing strong theoretical guarantees. Our experiments show that the new approach outperforms state-of-the-art techniques for approximate counting by 1-2 orders of magnitude in running time.},
	Addressoff = {New York City, NY, USA},
	Author = {Chakraborty, Supratik and Meel, Kuldeep S. and Vardi, Moshe Y.},
	Booktitle = {IJCAI'16},
	Date-Added = {2018-06-27 17:10:13 +0000},
	Date-Modified = {2018-06-27 17:10:13 +0000},
	Editoroff = {Kambhampati, Subbarao},
	Monthoff = jul,
	Organization = aip,
	Pages = {3569--3576},
	Title = {Improving Approximate Counting for Probabilistic Inference: From Linear to Logarithmic SAT Solver Calls},
	Urloff = {https://bitbucket.org/kuldeepmeel/approxmc},
	Year = {2016},
	Bdsk-Url-1 = {https://bitbucket.org/kuldeepmeel/approxmc}}

@inproceedings{ZandenBodlaender18a,
	Addressoff = {Dagstuhl, Germany},
	Annote = {Keywords: treewidth, GPU, GPGPU, exact algorithms, graph algorithms, algorithm engineering},
	Author = {van der Zanden, Tom C. and Bodlaender, Hans L.},
	Booktitle = {IPEC'17},
	Date-Added = {2018-06-27 17:04:20 +0000},
	Date-Modified = {2018-06-28 12:06:45 +0000},
	Doioff = {10.4230/LIPIcs.IPEC.2017.29},
	Editoroff = {Lokshtanov, Daniel and Nishimura, Naomi},
	Isbn = {978-3-95977-051-4},
	Issn = {1868-8969},
	Pages = {29:1--29:13},
	Publisher = dp,
	Series = lipics,
	Title = {Computing Treewidth on the {GPU}},
	Urn = {urn:nbn:de:0030-drops-85671},
	Volume = {89},
	Year = {2018},
	Bdsk-Url-1 = {http://drops.dagstuhl.de/opus/volltexte/2018/8567},
	Bdsk-Url-2 = {https://doi.org/10.4230/LIPIcs.IPEC.2017.29}}

@inproceedings{BurchardSchubertBecker15a,
	Abstract = {The problem of counting the number of satisfying assignments of a propositional formula ({\#}SAT) can be considered to be the big brother of the well known SAT problem. However, the higher computational complexity and a lack of fast solvers currently limit its usability for real world problems.},
	Addressoff = {Austin, TX, {USA}},
	Author = {Burchard, Jan and Schubert, Tobias and Becker, Bernd},
	Booktitle = {SAT'15},
	Date-Added = {2018-06-27 16:48:51 +0000},
	Date-Modified = {2018-06-27 16:58:30 +0000},
	Doioff = {10.1007/978-3-319-24318-4_5},
	Editoroff = {Heule, Marijn and Weaver, Sean},
	Isbn = {978-3-319-24318-4},
	Pages = {46--61},
	Publisher = springer,
	Series = lncs,
	Title = {Laissez-Faire Caching for Parallel {\#}{SAT} Solving},
	Volume = {9340},
	Year = {2015},
	Bdsk-Url-1 = {https://doi.org/10.1007/978-3-319-24318-4_5}}

@article{BodlaenderKloks96,
	Author = {Bodlaender, Hans L. and Kloks, Ton},
	Date-Added = {2018-06-27 16:46:09 +0000},
	Date-Modified = {2018-06-27 16:46:09 +0000},
	Journal = JAlg,
	Number = {2},
	Pages = {358--402},
	Title = {Efficient and constructive algorithms for the pathwidth and treewidth of graphs},
	Volume = {21},
	Year = {1996}}

@article{Bodlaender96,
	Author = {Bodlaender, Hans L.},
	Date-Added = {2018-06-27 16:45:59 +0000},
	Date-Modified = {2018-06-27 16:45:59 +0000},
	Journal = SiamJC,
	Number = {6},
	Pages = {1305--1317},
	Title = {A linear-time algorithm for finding tree-decompositions of small treewidth},
	Volume = {25},
	Year = {1996},
	Bdsk-File-1 = {YnBsaXN0MDDSAQIDBFxyZWxhdGl2ZVBhdGhZYWxpYXNEYXRhXxA0Li4vLi4vLi4vLi4vLi4vLi4vLi4vLi4vTGl0ZXJhdHVyZS9Cb2RsYWVuZGVyOTZhLnBkZk8RAY4AAAAAAY4AAgAADE1hY2ludG9zaCBIRAAAAAAAAAAAAAAAAAAAANJJBlFIKwAAAArsKxFCb2RsYWVuZGVyOTZhLnBkZgAAAAAAAAAAAAAAAAAAAAAAAAAAAAAAAAAAAAAAAAAAAAAAAAAAAAAAAAAAAAABMim11L7RgQAAAAAAAAAAAAgAAgAACSAAAAAAAAAAAAAAAAAAAAAKTGl0ZXJhdHVyZQAQAAgAANJIo+EAAAARAAgAANS+bxEAAAABAAwACuwrAAllGgAGKpoAAgA5TWFjaW50b3NoIEhEOlVzZXJzOgBmaWNodGU6AExpdGVyYXR1cmU6AEJvZGxhZW5kZXI5NmEucGRmAAAOACQAEQBCAG8AZABsAGEAZQBuAGQAZQByADkANgBhAC4AcABkAGYADwAaAAwATQBhAGMAaQBuAHQAbwBzAGgAIABIAEQAEgApVXNlcnMvZmljaHRlL0xpdGVyYXR1cmUvQm9kbGFlbmRlcjk2YS5wZGYAABMAAS8AABUAAgAN//8AAAAIAA0AGgAkAFsAAAAAAAACAQAAAAAAAAAFAAAAAAAAAAAAAAAAAAAB7Q==}}

@inproceedings{BliemEtAl17a,
	Addressoff = {Melbourne, VIC, Australia},
	Author = {Bliem, Bernhard and Moldovan, Marius and Morak, Michael and Woltran, Stefan},
	Booktitle = {IJCAI'17},
	Date-Added = {2018-06-27 16:45:22 +0000},
	Date-Modified = {2018-06-28 11:56:50 +0000},
	Editoroff = {Sierra, Carles},
	Pages = {852--858},
	Publisher = aip,
	Title = {The Impact of Treewidth on {ASP} Grounding and Solving},
	Year = {2017},
	Bdsk-File-1 = {YnBsaXN0MDDSAQIDBFxyZWxhdGl2ZVBhdGhZYWxpYXNEYXRhXxA8Li4vLi4vLi4vLi4vLi4vLi4vLi4vLi4vTGl0ZXJhdHVyZS9CbGllbU1vbGRvdmFuTW9yYWsxN2EucGRmTxEBrgAAAAABrgACAAAMTWFjaW50b3NoIEhEAAAAAAAAAAAAAAAAAAAA0kkGUUgrAAAACuwrGUJsaWVtTW9sZG92YW5Nb3JhazE3YS5wZGYAAAAAAAAAAAAAAAAAAAAAAAAAAAAAAAAAAAAAAAAAAAAAAAAAAAIibbHWVfcdAAAAAAAAAAAACAACAAAJIAAAAAAAAAAAAAAAAAAAAApMaXRlcmF0dXJlABAACAAA0kij4QAAABEACAAA1lWUrQAAAAEADAAK7CsACWUaAAYqmgACAEFNYWNpbnRvc2ggSEQ6VXNlcnM6AGZpY2h0ZToATGl0ZXJhdHVyZToAQmxpZW1Nb2xkb3Zhbk1vcmFrMTdhLnBkZgAADgA0ABkAQgBsAGkAZQBtAE0AbwBsAGQAbwB2AGEAbgBNAG8AcgBhAGsAMQA3AGEALgBwAGQAZgAPABoADABNAGEAYwBpAG4AdABvAHMAaAAgAEgARAASADFVc2Vycy9maWNodGUvTGl0ZXJhdHVyZS9CbGllbU1vbGRvdmFuTW9yYWsxN2EucGRmAAATAAEvAAAVAAIADf//AAAACAANABoAJABjAAAAAAAAAgEAAAAAAAAABQAAAAAAAAAAAAAAAAAAAhU=}}

@book{BondyMurty08,
	Addressoff = {New York, USA},
	Author = {Bondy, John A. and Murty, U. S. R.},
	Date-Added = {2013-08-05 21:39:48 +0000},
	Date-Modified = {2015-04-20 14:03:42 +0000},
	Isbn = {978-1-84628-969-9},
	Issn = {0072-5285},
	Pages = {655},
	Publisher = Springer,
	Series = gtm,
	Title = {Graph theory},
	Volume = {244},
	Year = {2008},
	Bdsk-File-1 = {YnBsaXN0MDDSAQIDBFxyZWxhdGl2ZVBhdGhZYWxpYXNEYXRhXxAtLi4vLi4vLi4vLi4vLi4vLi4vTGl0ZXJhdHVyZS9Cb25keU11cnR5MDgucGRmTxEBUgAAAAABUgACAAAMTWFjaW50b3NoIEhEAAAAAAAAAAAAAAAAAAAAAAAAAEJEAAH/////EEJvbmR5TXVydHkwOC5wZGYAAAAAAAAAAAAAAAAAAAAAAAAAAAAAAAAAAAAAAAAAAAAAAAAAAAAAAAAAAAAAAP////8AAAAAAAAAAAAAAAAABgACAAAKIGN1AAAAAAAAAAAAAAAAAApMaXRlcmF0dXJlAAIAKi86VXNlcnM6ZmljaHRlOkxpdGVyYXR1cmU6Qm9uZHlNdXJ0eTA4LnBkZgAOACIAEABCAG8AbgBkAHkATQB1AHIAdAB5ADAAOAAuAHAAZABmAA8AGgAMAE0AYQBjAGkAbgB0AG8AcwBoACAASABEABIAKFVzZXJzL2ZpY2h0ZS9MaXRlcmF0dXJlL0JvbmR5TXVydHkwOC5wZGYAEwABLwAAFQACAA3//wAAAAgADQAaACQAVAAAAAAAAAIBAAAAAAAAAAUAAAAAAAAAAAAAAAAAAAGq}}

@book{Diestel12,
	Author = {Diestel, Reinhard},
	Bibsource = {dblp computer science bibliography, http://dblp.org},
	Biburl = {http://dblp.uni-trier.de/rec/bib/books/daglib/0030488},
	Date-Added = {2015-04-15 12:49:08 +0000},
	Date-Modified = {2015-04-15 12:51:03 +0000},
	Isbn = {978-3-642-14278-9},
	Issn = {0072-5285},
	Pages = {410},
	Publisher = springer,
	Series = gtm,
	Timestamp = {Mon, 04 Mar 2013 20:55:42 +0100},
	Title = {Graph Theory, 4th Edition},
	Volume = {173},
	Year = {2012}}

@inproceedings{FichteHecherZisser19,
  author    = {Johannes Klaus Fichte and
               Markus Hecher and
               Markus Zisser},
  title     = {An Improved GPU-Based {SAT} Model Counter},
  booktitle = {{CP}},
  series    = {Lecture Notes in Computer Science},
  volume    = {11802},
  pages     = {491--509},
  publisher = {Springer},
  year      = {2019}
}

@inproceedings{DellHusfeldtJansen17a,
	Addressoff = {Aarhus, Denmark},
	Annote = {Keywords: treewidth, feedback vertex set, contest, implementation challenge, FPT},
	Author = {Dell, Holger and Husfeldt, Thore and Jansen, Bart M. P. and Kaski, Petteri and Komusiewicz, Christian and Rosamond, Frances A.},
	Booktitle = {IPEC 2016},
	Date-Added = {2019-07-28 20:57:35 +0200},
	Date-Modified = {2019-08-20 21:24:33 +0200},
	Doioff = {10.4230/LIPIcs.IPEC.2016.30},
	Editoroff = {Guo, Jiong and Hermelin, Danny},
	Isbn = {978-3-95977-023-1},
	Issn = {1868-8969},
	Keywords = {PACE 2016},
	Pages = {30:1--30:9},
	Publisher = dp,
	Series = lipics,
	Title = {{The First Parameterized Algorithms and Computational Experiments Challenge}},
	Urn = {urn:nbn:de:0030-drops-69310},
	Volume = {63},
	Year = {2017},
	Bdsk-Url-1 = {http://drops.dagstuhl.de/opus/volltexte/2017/6931},
	Bdsk-Url-2 = {https://doi.org/10.4230/LIPIcs.IPEC.2016.30}}

@article{LiuZhongJiao06,
  author    = {Jing Liu and
               Weicai Zhong and
               Licheng Jiao},
  title     = {Comments on "The 1993 {DIMACS} graph coloring Challenge" and "Energy
               function-based approaches to graph Coloring"},
  journal   = {{IEEE} Trans. Neural Networks},
  volume    = {17},
  number    = {2},
  pages     = {533},
  year      = {2006}
}


@inproceedings{DellKomusiewiczTalmon18a,
	Addressoff = {Vienna, Austria},
	Annote = {Keywords: treewidth, minimum fill-in, contest, implementation challenge, FPT},
	Author = {Dell, Holger and Komusiewicz, Christian and Talmon, Nimrod and Weller, Mathias},
	Booktitle = {IPEC 2017},
	Date-Added = {2019-07-28 21:40:14 +0200},
	Date-Modified = {2019-07-28 21:40:55 +0200},
	Doioff = {10.4230/LIPIcs.IPEC.2017.30},
	Editoroff = {Lokshtanov, Daniel and Nishimura, Naomi},
	Isbn = {978-3-95977-051-4},
	Issn = {1868-8969},
	Pages = {30:1--30:12},
	Publisher = dp,
	Series = lipics,
	Title = {{The PACE 2017 Parameterized Algorithms and Computational Experiments Challenge: The Second Iteration}},
	Volume = {89},
	Year = {2018},
	Bdsk-Url-1 = {http://drops.dagstuhl.de/opus/volltexte/2018/8558},
	Bdsk-Url-2 = {https://doi.org/10.4230/LIPIcs.IPEC.2017.30}}



@book{Ullman89,
  author    = {Jeffrey D. Ullman},
  title     = {Principles of Database and Knowledge-Base Systems, Volume {II}},
  publisher = {Computer Science Press},
  year      = {1989}
}


@book{Ullman82,
  author    = {Jeffrey D. Ullman},
  title     = {Principles of Database Systems, 2nd Edition},
  publisher = {Computer Science Press},
  year      = {1982}
}

@inproceedings{KiljanPilipczuk18,
  author    = {Krzysztof Kiljan and
               Marcin Pilipczuk},
  title     = {Experimental Evaluation of Parameterized Algorithms for Feedback Vertex
               Set},
  booktitle = {{SEA}},
  series    = {LIPIcs},
  volume    = {103},
  pages     = {12:1--12:12},
  publisher = {Schloss Dagstuhl},
  year      = {2018}
}

@inproceedings{LangerEtAl12,
  author    = {Alexander Langer and
               Felix Reidl and
               Peter Rossmanith and
               Somnath Sikdar},
  title     = {Evaluation of an {MSO}-Solver},
  booktitle = {{Proc.\ ALENEX}},
  pages     = {55--63},
  publisher = {{SIAM} / Omnipress},
  year      = {2012}
}



@inproceedings{LagniezMarquis14,
  author    = {Jean{-}Marie Lagniez and
               Pierre Marquis},
  title     = {Preprocessing for Propositional Model Counting},
  booktitle = {{AAAI}},
  pages     = {2688--2694},
  publisher = {{AAAI} Press},
  year      = {2014}
}

@article{BannachBerndt19,
  author    = {Max Bannach and
               Sebastian Berndt},
  title     = {Practical Access to Dynamic Programming on Tree Decompositions},
  journal   = {Algorithms},
  volume    = {12},
  number    = {8},
  pages     = {172},
  year      = {2019}
}

@article{BliemEtAl16,
  author    = {Bernhard Bliem and
               G{\"{u}}nther Charwat and
               Markus Hecher and
               Stefan Woltran},
  title     = {D-FLAT\({}^{\mbox{2}}\): Subset Minimization in Dynamic Programming
               on Tree Decompositions Made Easy},
  journal   = {Fundam. Inform.},
  volume    = {147},
  number    = {1},
  pages     = {27--61},
  year      = {2016}
}

@book{CyganEtAl15,
	Author = {Cygan, Marek and Fomin, Fedor V. and Kowalik, {\L}ukasz and Lokshtanov, Daniel and D{\'a}niel Marx, Marcin Pilipczuk and Pilipczuk, Micha{\l} and Saurabh, Saket},
	Date-Added = {2014-06-20 14:14:05 +0000},
	Date-Modified = {2016-10-18 10:02:33 +0000},
	Doioff = {10.1007/978-3-319-21275-3},
	Isbn = {978-3-319-21274-6},
	Pages = {XVII, 613},
	Publisher = springer,
	Title = {Parameterized Algorithms},
	Year = {2015},
	Bdsk-File-1 = {YnBsaXN0MDDSAQIDBFxyZWxhdGl2ZVBhdGhZYWxpYXNEYXRhXxBZLi4vLi4vLi4vLi4vLi4vLi4vTGl0ZXJhdHVyZS9DeWdhbkZvbWluS293YWxpa0xva3NodGFub3ZEYW5pZWwgTWFyeFBpbGlwY3p1a1NhdXJhYmgxNC5wZGZPEQICAAAAAAICAAIAAAxNYWNpbnRvc2ggSEQAAAAAAAAAAAAAAAAAAAAAAAAAQkQAAf////8fQ3lnYW5Gb21pbktvd2FsaWtMI0ZGRkZGRkZGLnBkZgAAAAAAAAAAAAAAAAAAAAAAAAAAAAAAAAAAAAAAAAAA/////wAAAAAAAAAAAAAAAAAGAAIAAAogY3UAAAAAAAAAAAAAAAAACkxpdGVyYXR1cmUAAgBWLzpVc2VyczpmaWNodGU6TGl0ZXJhdHVyZTpDeWdhbkZvbWluS293YWxpa0xva3NodGFub3ZEYW5pZWwgTWFyeFBpbGlwY3p1a1NhdXJhYmgxNC5wZGYADgB6ADwAQwB5AGcAYQBuAEYAbwBtAGkAbgBLAG8AdwBhAGwAaQBrAEwAbwBrAHMAaAB0AGEAbgBvAHYARABhAG4AaQBlAGwAIABNAGEAcgB4AFAAaQBsAGkAcABjAHoAdQBrAFMAYQB1AHIAYQBiAGgAMQA0AC4AcABkAGYADwAaAAwATQBhAGMAaQBuAHQAbwBzAGgAIABIAEQAEgBUVXNlcnMvZmljaHRlL0xpdGVyYXR1cmUvQ3lnYW5Gb21pbktvd2FsaWtMb2tzaHRhbm92RGFuaWVsIE1hcnhQaWxpcGN6dWtTYXVyYWJoMTQucGRmABMAAS8AABUAAgAN//8AAAAIAA0AGgAkAIAAAAAAAAACAQAAAAAAAAAFAAAAAAAAAAAAAAAAAAAChg==},
	Bdsk-Url-1 = {https://doi.org/10.1007/978-3-319-21275-3}}



@book{Niedermeier06,
	Addressoff = {New York, NY, USA},
	Author = {Niedermeier, Rolf},
	Date-Added = {2018-01-18 18:32:30 +0000},
	Date-Modified = {2018-01-18 18:32:30 +0000},
	Isbn = {978-0-19-856607-6},
	Publisher = OUP,
	Series = {Oxford Lecture Series in Mathematics and its Applications},
	Title = {Invitation to Fixed-Parameter Algorithms},
	Volume = {31},
	Year = {2006},
	Bdsk-File-1 = {YnBsaXN0MDDSAQIDBFxyZWxhdGl2ZVBhdGhZYWxpYXNEYXRhXxAuLi4vLi4vLi4vLi4vLi4vLi4vTGl0ZXJhdHVyZS9OaWVkZXJtZWllcjA2LnBkZk8RAVgAAAAAAVgAAgAADE1hY2ludG9zaCBIRAAAAAAAAAAAAAAAAAAAAAAAAABCRAAB/////xFOaWVkZXJtZWllcjA2LnBkZgAAAAAAAAAAAAAAAAAAAAAAAAAAAAAAAAAAAAAAAAAAAAAAAAAAAAAAAAAAAAD/////AAAAAAAAAAAAAAAAAAYAAgAACiBjdQAAAAAAAAAAAAAAAAAKTGl0ZXJhdHVyZQACACsvOlVzZXJzOmZpY2h0ZTpMaXRlcmF0dXJlOk5pZWRlcm1laWVyMDYucGRmAAAOACQAEQBOAGkAZQBkAGUAcgBtAGUAaQBlAHIAMAA2AC4AcABkAGYADwAaAAwATQBhAGMAaQBuAHQAbwBzAGgAIABIAEQAEgApVXNlcnMvZmljaHRlL0xpdGVyYXR1cmUvTmllZGVybWVpZXIwNi5wZGYAABMAAS8AABUAAgAN//8AAAAIAA0AGgAkAFUAAAAAAAACAQAAAAAAAAAFAAAAAAAAAAAAAAAAAAABsQ==}}



@book{FlumGrohe06,
	Addressoff = {Berlin},
	Author = {Flum, J{\"o}rg and Grohe, Martin},
	Date-Added = {2018-01-18 18:32:02 +0000},
	Date-Modified = {2018-01-18 18:32:02 +0000},
	Doioff = {10.1007/3-540-29953-X},
	Isbn = {978-3-540-29952-3},
	Issn = {1862-4499},
	Pages = {495},
	Publisher = Springer,
	Series = tcs,
	Title = {Parameterized Complexity Theory},
	Volume = {XIV},
	Year = {2006},
	Bdsk-File-1 = {YnBsaXN0MDDSAQIDBFxyZWxhdGl2ZVBhdGhZYWxpYXNEYXRhXxAsLi4vLi4vLi4vLi4vLi4vLi4vTGl0ZXJhdHVyZS9GbHVtR3JvaGUwNi5wZGZPEQFQAAAAAAFQAAIAAAxNYWNpbnRvc2ggSEQAAAAAAAAAAAAAAAAAAAAAAAAAQkQAAf////8PRmx1bUdyb2hlMDYucGRmAAAAAAAAAAAAAAAAAAAAAAAAAAAAAAAAAAAAAAAAAAAAAAAAAAAAAAAAAAAAAAAA/////wAAAAAAAAAAAAAAAAAGAAIAAAogY3UAAAAAAAAAAAAAAAAACkxpdGVyYXR1cmUAAgApLzpVc2VyczpmaWNodGU6TGl0ZXJhdHVyZTpGbHVtR3JvaGUwNi5wZGYAAA4AIAAPAEYAbAB1AG0ARwByAG8AaABlADAANgAuAHAAZABmAA8AGgAMAE0AYQBjAGkAbgB0AG8AcwBoACAASABEABIAJ1VzZXJzL2ZpY2h0ZS9MaXRlcmF0dXJlL0ZsdW1Hcm9oZTA2LnBkZgAAEwABLwAAFQACAA3//wAAAAgADQAaACQAUwAAAAAAAAIBAAAAAAAAAAUAAAAAAAAAAAAAAAAAAAGn},
	Bdsk-Url-1 = {https://doi.org/10.1007/3-540-29953-X}}

@book{DowneyFellows13,
	Addressoff = {London, UK},
	Author = {Downey, Rodney G. and Fellows, Michael R.},
	Date-Added = {2018-01-18 18:31:45 +0000},
	Date-Modified = {2018-01-18 18:31:45 +0000},
	Doioff = {10.1007/978-1-4471-5559-1},
	Isbn = {978-1-4471-5558-4},
	Publisher = springer,
	Series = {Texts in Computer Science},
	Series-Issn = {1868-0941},
	Title = {Fundamentals of Parameterized Complexity},
	Year = {2013},
	Bdsk-Url-1 = {http://dx.doi.org/10.1007/978-1-4471-5559-1}}



@inproceedings{DoubiletRotaStanley1972,
	Author = {Doubilet, Peter and Rota, Gian-Carlo and Stanley, Richard},
	Booktitle = {Berkeley Symposium on Mathematical Statistics and Probability},
	Date-Added = {2019-05-28 20:37:21 +0200},
	Date-Modified = {2019-05-28 20:39:02 +0200},
	Pages = {2: 267--318},
	Title = {On the foundations of combinatorial theory. VI. The idea of generating function},
	Year = {1972}}


@misc
{postgres,
note={Available at: \url{https://www.postgresql.org/docs/12/queries-with.html}},
title={PostgreSQL Documentation 12},
year={2019}
}

@inproceedings{BeckersEtAl12a,
	Addressoff = {Maastricht, The Netherlands},
	Author = {Beckers, Sander and De Samblanx, Gorik and De Smedt, Floris and Goedem{\'e}, Toon and Struyf, Lars and Vennekens, Joost},
	Booktitle = {BNAIC'12},
	Date-Added = {2018-06-27 16:45:00 +0000},
	Date-Modified = {2018-06-27 17:02:59 +0000},
	Editoroff = {Roos, Nico and Winands, Mark and Uiterwijk, Jos},
	Monthoff = oct,
	Pages = {11--18},
	Publisher = {Maastricht University},
	Title = {Parallel hybrid {SAT} solving using {OpenCL}},
	Year = {2012},
	Bdsk-File-1 = {YnBsaXN0MDDSAQIDBFxyZWxhdGl2ZVBhdGhZYWxpYXNEYXRhXxBELi4vLi4vLi4vLi4vLi4vLi4vLi4vLi4vTGl0ZXJhdHVyZS9CZWNrZXJzRGUgU2FtYmxhbnhEZSBTbWVkdDEyYS5wZGZPEQHMAAAAAAHMAAIAAAxNYWNpbnRvc2ggSEQAAAAAAAAAAAAAAAAAAADSSQZRSCsAAAAK7CsfQmVja2Vyc0RlIFNhbWJsYW54RCMxQkE5NDJCLnBkZgAAAAAAAAAAAAAAAAAAAAAAAAAAAAAAAAAAAAAAAAAAAbqUK9WO2tQAAAAAAAAAAAAIAAIAAAkgAAAAAAAAAAAAAAAAAAAACkxpdGVyYXR1cmUAEAAIAADSSKPhAAAAEQAIAADVjnhkAAAAAQAMAArsKwAJZRoABiqaAAIAR01hY2ludG9zaCBIRDpVc2VyczoAZmljaHRlOgBMaXRlcmF0dXJlOgBCZWNrZXJzRGUgU2FtYmxhbnhEIzFCQTk0MkIucGRmAAAOAEQAIQBCAGUAYwBrAGUAcgBzAEQAZQAgAFMAYQBtAGIAbABhAG4AeABEAGUAIABTAG0AZQBkAHQAMQAyAGEALgBwAGQAZgAPABoADABNAGEAYwBpAG4AdABvAHMAaAAgAEgARAASADlVc2Vycy9maWNodGUvTGl0ZXJhdHVyZS9CZWNrZXJzRGUgU2FtYmxhbnhEZSBTbWVkdDEyYS5wZGYAABMAAS8AABUAAgAN//8AAAAIAA0AGgAkAGsAAAAAAAACAQAAAAAAAAAFAAAAAAAAAAAAAAAAAAACOw==}}

@misc{Anderson05a,
	Author = {Anderson, Sean Eron},
	Date-Added = {2018-06-27 16:44:43 +0000},
	Date-Modified = {2018-06-27 16:44:43 +0000},
	Howpublished = {\url{https://graphics.stanford.edu/~seander/bithacks.html}},
	Title = {Bit Twiddling Hacks},
	Year = {2009}}

@inproceedings{JegouNdiayeTerrioux05,
	Address = {Sitges, Spain},
	Author = {J{\'{e}}gou, Philippe and Ndiaye, Samba and Terrioux, Cyril},
	Booktitle = {Proceedings of the 11th International Conference on Principles and Practice of Constraint Programming (CP'05)},
	Date-Modified = {2019-03-08 15:21:21 +0900},
	Editor = {van Beek, Peter},
	Monthoff = oct,
	Pages = {777--781},
	Publisher = springer,
	Series = lncs,
	Title = {Computing and Exploiting Tree-Decompositions for Solving Constraint Networks},
	Volume = {3709},
	Year = {2005}}

@article{AbseherMusliuWoltran17b,
	Author = {Abseher, Michael and Musliu, Nysret and Woltran, Stefan},
	Journal = {J. Artif. Intell. Res.},
	Pages = {829--858},
	Title = {Improving the Efficiency of Dynamic Programming on Tree Decompositions via Machine Learning},
	Volume = {58},
	Year = {2017}}

@inproceedings{AbseherMusliuWoltran17a,
	Author = {Abseher, Michael and Musliu, Nysret and Woltran, Stefan},
	Booktitle = {CPAIOR'17},
	Date-Added = {2018-06-27 16:44:26 +0000},
	Date-Modified = {2018-06-27 17:02:17 +0000},
	Doioff = {10.1007/978-3-319-59776-8_30},
	Editoroff = {Salvagnin, Domenico and Lombardi, Michele},
	Isbn = {978-3-319-59776-8},
	Pages = {376--386},
	Publisher = Springer,
	Series = lncs,
	Title = {htd -- A Free, Open-Source Framework for (Customized) Tree Decompositions and Beyond},
	Volume = {10335},
	Year = {2017},
	Bdsk-File-1 = {YnBsaXN0MDDSAQIDBFxyZWxhdGl2ZVBhdGhZYWxpYXNEYXRhXxA+Li4vLi4vLi4vLi4vLi4vLi4vLi4vLi4vTGl0ZXJhdHVyZS9BYnNlaGVyTXVzbGl1V29sdHJhbjE3YS5wZGZPEQG2AAAAAAG2AAIAAAxNYWNpbnRvc2ggSEQAAAAAAAAAAAAAAAAAAADSSQZRSCsAAAAK7CsbQWJzZWhlck11c2xpdVdvbHRyYW4xN2EucGRmAAAAAAAAAAAAAAAAAAAAAAAAAAAAAAAAAAAAAAAAAAAAAAAAAWzYlNUT9t4AAAAAAAAAAAAIAAIAAAkgAAAAAAAAAAAAAAAAAAAACkxpdGVyYXR1cmUAEAAIAADSSKPhAAAAEQAIAADVE5RuAAAAAQAMAArsKwAJZRoABiqaAAIAQ01hY2ludG9zaCBIRDpVc2VyczoAZmljaHRlOgBMaXRlcmF0dXJlOgBBYnNlaGVyTXVzbGl1V29sdHJhbjE3YS5wZGYAAA4AOAAbAEEAYgBzAGUAaABlAHIATQB1AHMAbABpAHUAVwBvAGwAdAByAGEAbgAxADcAYQAuAHAAZABmAA8AGgAMAE0AYQBjAGkAbgB0AG8AcwBoACAASABEABIAM1VzZXJzL2ZpY2h0ZS9MaXRlcmF0dXJlL0Fic2VoZXJNdXNsaXVXb2x0cmFuMTdhLnBkZgAAEwABLwAAFQACAA3//wAAAAgADQAaACQAZQAAAAAAAAIBAAAAAAAAAAUAAAAAAAAAAAAAAAAAAAIf}}

@inproceedings{FichteLodhaSzeider17a,
	Abstract = {Many hard problems can be solved efficiently for problem instances that can be decomposed by tree decompositions of small width. In particular for problems beyond NP, such as {\#}P-complete counting problems, tree decomposition-based methods are particularly attractive. However, finding an optimal tree decomposition is itself an NP-hard problem. Existing methods for finding tree decompositions of small width either (a) yield optimal tree decompositions but are applicable only to small instances or (b) are based on greedy heuristics which often yield tree decompositions that are far from optimal. In this paper, we propose a new method that combines (a) and (b), where a heuristically obtained tree decomposition is improved locally by means of a SAT encoding. We provide an experimental evaluation of our new method.},
	Addressoff = {Melbourne, VIC, Australia},
	Author = {Fichte, Johannes K. and Lodha, Neha and Szeider, Stefan},
	Booktitle = {SAT'17},
	Date-Added = {2018-06-27 16:42:58 +0000},
	Date-Modified = {2018-06-27 16:42:58 +0000},
	Doioff = {10.1007/978-3-319-66263-3_25},
	Editoroff = {Gaspers, Serge and Walsh, Toby},
	Isbn = {978-3-319-66263-3},
	Month = aug,
	Pages = {401--411},
	Publisher = springer,
	Title = {SAT-Based Local Improvement for Finding Tree Decompositions of Small Width},
	Year = {2017},
	Bdsk-File-1 = {YnBsaXN0MDDSAQIDBFxyZWxhdGl2ZVBhdGhZYWxpYXNEYXRhXxA8Li4vLi4vLi4vLi4vLi4vLi4vLi4vLi4vTGl0ZXJhdHVyZS9GaWNodGVMb2RoYVN6ZWlkZXIxN2EucGRmTxEBrgAAAAABrgACAAAMTWFjaW50b3NoIEhEAAAAAAAAAAAAAAAAAAAA0kkGUUgrAAAACuwrGUZpY2h0ZUxvZGhhU3plaWRlcjE3YS5wZGYAAAAAAAAAAAAAAAAAAAAAAAAAAAAAAAAAAAAAAAAAAAAAAAAAAAHjv8zV62f8AAAAAAAAAAAACAACAAAJIAAAAAAAAAAAAAAAAAAAAApMaXRlcmF0dXJlABAACAAA0kij4QAAABEACAAA1esFjAAAAAEADAAK7CsACWUaAAYqmgACAEFNYWNpbnRvc2ggSEQ6VXNlcnM6AGZpY2h0ZToATGl0ZXJhdHVyZToARmljaHRlTG9kaGFTemVpZGVyMTdhLnBkZgAADgA0ABkARgBpAGMAaAB0AGUATABvAGQAaABhAFMAegBlAGkAZABlAHIAMQA3AGEALgBwAGQAZgAPABoADABNAGEAYwBpAG4AdABvAHMAaAAgAEgARAASADFVc2Vycy9maWNodGUvTGl0ZXJhdHVyZS9GaWNodGVMb2RoYVN6ZWlkZXIxN2EucGRmAAATAAEvAAAVAAIADf//AAAACAANABoAJABjAAAAAAAAAgEAAAAAAAAABQAAAAAAAAAAAAAAAAAAAhU=},
	Bdsk-Url-1 = {https://doi.org/10.1007/978-3-319-66263-3_25},
	Bdsk-Url-2 = {http://dx.doi.org/10.1007/978-3-319-66263-3_25}}

@inproceedings{FichteEtAl18d,
	Abstract = {Many hard problems can be solved efficiently for problem instances that can be decomposed by tree decompositions of small width. In particular for problems beyond NP, such as {\#}P-complete counting problems, tree decomposition-based methods are particularly attractive. However, finding an optimal tree decomposition is itself an NP-hard problem. Existing methods for finding tree decompositions of small width either (a) yield optimal tree decompositions but are applicable only to small instances or (b) are based on greedy heuristics which often yield tree decompositions that are far from optimal. In this paper, we propose a new method that combines (a) and (b), where a heuristically obtained tree decomposition is improved locally by means of a SAT encoding. We provide an experimental evaluation of our new method.},
	Addressoff = {Oxford, UK},
	Author = {Fichte, Johannes K. and Hecher, Markus and Morak, Michael and Woltran, Stefan},
	Booktitle = {SAT'18},
	Date-Added = {2018-05-15 16:38:20 +0000},
	Date-Modified = {2018-05-18 14:51:00 +0000},
	Editoroff = {Beyersdorff, Olaf and Wintersteiger, Christoph M.},
	Isbn = {978-3-319-94144-8},
	Monthoff = jul,
	Pages = {165--184},
	Publisher = springer,
	Series = lncs,
	Title = {Exploiting Treewidth for Projected Model Counting and its Limits},
	Volume = {10929},
	Year = {2018},
	Bdsk-File-1 = {YnBsaXN0MDDSAQIDBFxyZWxhdGl2ZVBhdGhZYWxpYXNEYXRhXxA8Li4vLi4vLi4vLi4vLi4vLi4vLi4vLi4vTGl0ZXJhdHVyZS9GaWNodGVMb2RoYVN6ZWlkZXIxN2EucGRmTxEBrgAAAAABrgACAAAMTWFjaW50b3NoIEhEAAAAAAAAAAAAAAAAAAAA0kkGUUgrAAAACuwrGUZpY2h0ZUxvZGhhU3plaWRlcjE3YS5wZGYAAAAAAAAAAAAAAAAAAAAAAAAAAAAAAAAAAAAAAAAAAAAAAAAAAAHjv8zV62f8AAAAAAAAAAAACAACAAAJIAAAAAAAAAAAAAAAAAAAAApMaXRlcmF0dXJlABAACAAA0kij4QAAABEACAAA1esFjAAAAAEADAAK7CsACWUaAAYqmgACAEFNYWNpbnRvc2ggSEQ6VXNlcnM6AGZpY2h0ZToATGl0ZXJhdHVyZToARmljaHRlTG9kaGFTemVpZGVyMTdhLnBkZgAADgA0ABkARgBpAGMAaAB0AGUATABvAGQAaABhAFMAegBlAGkAZABlAHIAMQA3AGEALgBwAGQAZgAPABoADABNAGEAYwBpAG4AdABvAHMAaAAgAEgARAASADFVc2Vycy9maWNodGUvTGl0ZXJhdHVyZS9GaWNodGVMb2RoYVN6ZWlkZXIxN2EucGRmAAATAAEvAAAVAAIADf//AAAACAANABoAJABjAAAAAAAAAgEAAAAAAAAABQAAAAAAAAAAAAAAAAAAAhU=},
	Bdsk-Url-1 = {https://doi.org/10.1007/978-3-319-66263-3_25},
	Bdsk-Url-2 = {http://dx.doi.org/10.1007/978-3-319-66263-3_25}}

@inproceedings{FichteEtAl17a,
	Address = {Espoo, Finland},
	Author = {Fichte, Johannes K. and Hecher, Markus and Morak, Michael and Woltran, Stefan},
	Booktitle = {Proceedings of the 14th International Conference on Logic Programming and Nonmonotonic Reasoning (LPNMR'17)},
	Date-Added = {2018-06-27 16:40:03 +0000},
	Date-Modified = {2018-06-27 16:40:03 +0000},
	Doioff = {10.1007/978-3-319-61660-5_13},
	Editor = {Balduccini, Marcello and Janhunen, Tomi},
	Isbn = {978-3-319-61660-5},
	Month = jul,
	Organization = springer,
	Pages = {132--145},
	Series = lncs,
	Title = {Answer Set Solving with Bounded Treewidth Revisited},
	Volume = {10377},
	Year = {2017},
	Bdsk-Url-1 = {http://dx.doi.org/10.1007/978-3-319-61660-5_13}}

@inproceedings{FichteEtAl17b,
	Author = {Fichte, Johannes K. and Hecher, Markus and Morak, Michael and Woltran, Stefan},
	Booktitle = {Proceedings of the 12th International Symposium on Parameterized and Exact Computation (IPEC'17)},
	Date-Added = {2018-06-27 16:40:03 +0000},
	Date-Modified = {2018-06-27 16:40:03 +0000},
	Doioff = {10.4230/LIPIcs.IPEC.2017.17},
	Editor = {Lokshtanov, Daniel and Nishimura, Naomi},
	Publisher = dp,
	Title = {{DynASP2.5}: Dynamic Programming on Tree Decompositions in Action},
	Year = {2017},
	Bdsk-Url-1 = {http://dx.doi.org/10.4230/LIPIcs.IPEC.2017.17}}

@article{Flajolet85a,
	Abstract = {Approximate counting is an algorithm proposed by R. Morris which makes it possible to keep approximate counts of large numbers in small counters. The algorithm is useful for gathering statistics of a large number of events as well as for applications related to data compression (Todd et al.). We provide here a complete analysis of approximate counting which establishes good convergence properties of the algorithm and allows to quantify precisely complexity-accuracy tradeoffs.},
	Author = {Flajolet, Philippe},
	Date-Added = {2018-04-22 09:02:51 +0000},
	Date-Modified = {2018-04-22 09:03:31 +0000},
	Doioff = {10.1007/BF01934993},
	Issn = {1572-9125},
	Journal = {BIT Numerical Mathematics},
	Month = mar,
	Number = {1},
	Pages = {113--134},
	Publisher = kluwer,
	Title = {Approximate counting: A detailed analysis},
	Volume = {25},
	Year = {1985},
	Bdsk-File-1 = {YnBsaXN0MDDSAQIDBFxyZWxhdGl2ZVBhdGhZYWxpYXNEYXRhXxAyLi4vLi4vLi4vLi4vLi4vLi4vLi4vLi4vTGl0ZXJhdHVyZS9GbGFqb2xldDg1YS5wZGZPEQGGAAAAAAGGAAIAAAxNYWNpbnRvc2ggSEQAAAAAAAAAAAAAAAAAAADSSQZRSCsAAAAK7CsPRmxham9sZXQ4NWEucGRmAAAAAAAAAAAAAAAAAAAAAAAAAAAAAAAAAAAAAAAAAAAAAAAAAAAAAAAAAAAAAAAAAncGbNcCYpEAAAAAAAAAAAAIAAIAAAkgAAAAAAAAAAAAAAAAAAAACkxpdGVyYXR1cmUAEAAIAADSSKPhAAAAEQAIAADXAgAhAAAAAQAMAArsKwAJZRoABiqaAAIAN01hY2ludG9zaCBIRDpVc2VyczoAZmljaHRlOgBMaXRlcmF0dXJlOgBGbGFqb2xldDg1YS5wZGYAAA4AIAAPAEYAbABhAGoAbwBsAGUAdAA4ADUAYQAuAHAAZABmAA8AGgAMAE0AYQBjAGkAbgB0AG8AcwBoACAASABEABIAJ1VzZXJzL2ZpY2h0ZS9MaXRlcmF0dXJlL0ZsYWpvbGV0ODVhLnBkZgAAEwABLwAAFQACAA3//wAAAAgADQAaACQAWQAAAAAAAAIBAAAAAAAAAAUAAAAAAAAAAAAAAAAAAAHj},
	Bdsk-Url-1 = {https://doi.org/10.1007/BF01934993}}

@book{Kloks94a,
	Author = {Kloks, Ton},
	Date-Added = {2018-04-21 21:23:58 +0000},
	Date-Modified = {2018-06-28 09:19:17 +0000},
	Doioff = {10.1007/BFb0045375},
	Isbn = {3-540-58356-4},
	Pages = {X, 218},
	Publisher = springer,
	Series = lncs,
	Title = {Treewidth. Computations and Approximations},
	Volume = {842},
	Year = {1994},
	Bdsk-Url-1 = {https://doi.org/10.1007/BFb0045375}}

@article{BodlaenderKoster08,
	Author = {Bodlaender, H.L. and Koster, A.},
	Date-Added = {2018-01-12 13:41:44 +0000},
	Date-Modified = {2018-01-12 18:06:44 +0000},
	Doioff = {10.1093/comjnl/bxm037},
	Journal = TCJ,
	Number = {3},
	Title = {Combinatorial Optimization on Graphs of Bounded Treewidth},
	Volume = {51},
	Year = {2008},
	Bdsk-File-1 = {YnBsaXN0MDDSAQIDBFxyZWxhdGl2ZVBhdGhZYWxpYXNEYXRhXxAtLi4vLi4vLi4vLi4vTGl0ZXJhdHVyZS9Cb2RsYWVuZGVyS29zdGVyMDgucGRmTxEBagAAAAABagACAAAMTWFjaW50b3NoIEhEAAAAAAAAAAAAAAAAAAAAAAAAAEJEAAH/////FkJvZGxhZW5kZXJLb3N0ZXIwOC5wZGYAAAAAAAAAAAAAAAAAAAAAAAAAAAAAAAAAAAAAAAAAAAAAAAAAAAAAAP////8AAAAAAAAAAAAAAAAABAACAAAKIGN1AAAAAAAAAAAAAAAAAApMaXRlcmF0dXJlAAIAMC86VXNlcnM6ZmljaHRlOkxpdGVyYXR1cmU6Qm9kbGFlbmRlcktvc3RlcjA4LnBkZgAOAC4AFgBCAG8AZABsAGEAZQBuAGQAZQByAEsAbwBzAHQAZQByADAAOAAuAHAAZABmAA8AGgAMAE0AYQBjAGkAbgB0AG8AcwBoACAASABEABIALlVzZXJzL2ZpY2h0ZS9MaXRlcmF0dXJlL0JvZGxhZW5kZXJLb3N0ZXIwOC5wZGYAEwABLwAAFQACAA3//wAAAAgADQAaACQAVAAAAAAAAAIBAAAAAAAAAAUAAAAAAAAAAAAAAAAAAAHC}}

@inproceedings{LagniezMarquis17a,
	Addressoff = {Melbourne, VIC, Australia},
	Author = {Lagniez, Jean-Marie and Marquis, Pierre},
	Booktitle = {IJCAI'17},
	Date-Added = {2018-01-11 13:18:02 +0000},
	Date-Modified = {2018-06-28 11:56:50 +0000},
	Editoroff = {Sierra, Carles},
	Pages = {667-673},
	Publisher = aip,
	Title = {An improved decision-{DDNF} compiler},
	Year = {2017},
	Bdsk-File-1 = {YnBsaXN0MDDSAQIDBFxyZWxhdGl2ZVBhdGhZYWxpYXNEYXRhXxA4Li4vLi4vLi4vLi4vLi4vLi4vLi4vLi4vTGl0ZXJhdHVyZS9MYWduaWV6TWFycXVpczE3YS5wZGZPEQGeAAAAAAGeAAIAAAxNYWNpbnRvc2ggSEQAAAAAAAAAAAAAAAAAAADSSQZRSCsAAAAK7CsVTGFnbmllek1hcnF1aXMxN2EucGRmAAAAAAAAAAAAAAAAAAAAAAAAAAAAAAAAAAAAAAAAAAAAAAAAAAAAAAAAAiwnH9Z9duEAAAAAAAAAAAAIAAIAAAkgAAAAAAAAAAAAAAAAAAAACkxpdGVyYXR1cmUAEAAIAADSSKPhAAAAEQAIAADWfRRxAAAAAQAMAArsKwAJZRoABiqaAAIAPU1hY2ludG9zaCBIRDpVc2VyczoAZmljaHRlOgBMaXRlcmF0dXJlOgBMYWduaWV6TWFycXVpczE3YS5wZGYAAA4ALAAVAEwAYQBnAG4AaQBlAHoATQBhAHIAcQB1AGkAcwAxADcAYQAuAHAAZABmAA8AGgAMAE0AYQBjAGkAbgB0AG8AcwBoACAASABEABIALVVzZXJzL2ZpY2h0ZS9MaXRlcmF0dXJlL0xhZ25pZXpNYXJxdWlzMTdhLnBkZgAAEwABLwAAFQACAA3//wAAAAgADQAaACQAXwAAAAAAAAIBAAAAAAAAAAUAAAAAAAAAAAAAAAAAAAIB}}

@inproceedings{Darwiche04a,
	Addressoff = {Valencia, Spain},
	Author = {Darwiche, Adnan},
	Booktitle = {ECAI'04},
	Date-Added = {2018-01-11 13:07:56 +0000},
	Date-Modified = {2018-06-29 09:05:26 +0000},
	Editoroff = {L{\'o}pez De M{\'a}ntaras, Ramon and Saitta, Lorenza},
	Isbn = {978-1-58603-452-8},
	Pages = {318--322},
	Publisher = ios,
	Title = {New Advances in Compiling {CNF} to Decomposable Negation Normal Form},
	Year = {2004},
	Bdsk-File-1 = {YnBsaXN0MDDSAQIDBFxyZWxhdGl2ZVBhdGhZYWxpYXNEYXRhXxAyLi4vLi4vLi4vLi4vLi4vLi4vLi4vLi4vTGl0ZXJhdHVyZS9EYXJ3aWNoZTA0YS5wZGZPEQGGAAAAAAGGAAIAAAxNYWNpbnRvc2ggSEQAAAAAAAAAAAAAAAAAAADSSQZRSCsAAAAK7CsPRGFyd2ljaGUwNGEucGRmAAAAAAAAAAAAAAAAAAAAAAAAAAAAAAAAAAAAAAAAAAAAAAAAAAAAAAAAAAAAAAAAAiwh4NZ9dF0AAAAAAAAAAAAIAAIAAAkgAAAAAAAAAAAAAAAAAAAACkxpdGVyYXR1cmUAEAAIAADSSKPhAAAAEQAIAADWfRHtAAAAAQAMAArsKwAJZRoABiqaAAIAN01hY2ludG9zaCBIRDpVc2VyczoAZmljaHRlOgBMaXRlcmF0dXJlOgBEYXJ3aWNoZTA0YS5wZGYAAA4AIAAPAEQAYQByAHcAaQBjAGgAZQAwADQAYQAuAHAAZABmAA8AGgAMAE0AYQBjAGkAbgB0AG8AcwBoACAASABEABIAJ1VzZXJzL2ZpY2h0ZS9MaXRlcmF0dXJlL0RhcndpY2hlMDRhLnBkZgAAEwABLwAAFQACAA3//wAAAAgADQAaACQAWQAAAAAAAAIBAAAAAAAAAAUAAAAAAAAAAAAAAAAAAAHj},
	Bdsk-Url-1 = {http://dl.acm.org/citation.cfm?id=3000001.3000069}}

@misc{HeuleJarvisaloBalyo17a,
	Author = {Heule, Marijn and J{\"a}rvisalo, Matti and Balyo, Tom{\'a}{\v s}},
	Date-Added = {2017-12-18 09:59:06 +0000},
	Date-Modified = {2017-12-18 09:59:06 +0000},
	Howpublished = {\url{http://www.satcompetition.org}},
	Title = {The international {SAT} Competitions web page},
	Year = {2017}}

@article{GrassoPellegriniCosenza14a,
	Author = {Grasso, Ivan and Pellegrini, Simone and Cosenza, Biagio and Fahringer, Thomas},
	Date-Added = {2017-12-14 10:47:37 +0000},
	Date-Modified = {2017-12-14 10:47:37 +0000},
	Doioff = {10.1016/j.jpdc.2014.08.002},
	Issn = {0743-7315},
	Journal = {Journal of Parallel and Distributed Computing},
	Keywords = {OpenCL, MPI, Distributed computing, Heterogeneous computing, Programming model, Runtime system},
	Note = {Domain-Specific Languages and High-Level Frameworks for High-Performance Computing},
	Number = {12},
	Pages = {3228--3239},
	Publisher = elsevier,
	Title = {A uniform approach for programming distributed heterogeneous computing systems},
	Volume = {74},
	Year = {2014},
	Bdsk-File-1 = {YnBsaXN0MDDSAQIDBFxyZWxhdGl2ZVBhdGhZYWxpYXNEYXRhXxBBLi4vLi4vLi4vLi4vLi4vLi4vLi4vLi4vTGl0ZXJhdHVyZS9HcmFzc29QZWxsZWdyaW5pQ29zZW56YTE0YS5wZGZPEQHAAAAAAAHAAAIAAAxNYWNpbnRvc2ggSEQAAAAAAAAAAAAAAAAAAADSSQZRSCsAAAAK7CseR3Jhc3NvUGVsbGVncmluaUNvc2VuemExNGEucGRmAAAAAAAAAAAAAAAAAAAAAAAAAAAAAAAAAAAAAAAAAAAAAiOFj9ZYaVsAAAAAAAAAAAAIAAIAAAkgAAAAAAAAAAAAAAAAAAAACkxpdGVyYXR1cmUAEAAIAADSSKPhAAAAEQAIAADWWAbrAAAAAQAMAArsKwAJZRoABiqaAAIARk1hY2ludG9zaCBIRDpVc2VyczoAZmljaHRlOgBMaXRlcmF0dXJlOgBHcmFzc29QZWxsZWdyaW5pQ29zZW56YTE0YS5wZGYADgA+AB4ARwByAGEAcwBzAG8AUABlAGwAbABlAGcAcgBpAG4AaQBDAG8AcwBlAG4AegBhADEANABhAC4AcABkAGYADwAaAAwATQBhAGMAaQBuAHQAbwBzAGgAIABIAEQAEgA2VXNlcnMvZmljaHRlL0xpdGVyYXR1cmUvR3Jhc3NvUGVsbGVncmluaUNvc2VuemExNGEucGRmABMAAS8AABUAAgAN//8AAAAIAA0AGgAkAGgAAAAAAAACAQAAAAAAAAAFAAAAAAAAAAAAAAAAAAACLA==}}

@inbook{Passerat-PalmbachHill13a,
	Author = {Passerat-Palmbach, Jonathan and Hill, David},
	Booktitle = {Patterns for Parallel Programming on {GPU}s},
	Chapter = {8},
	Date-Added = {2017-12-14 10:43:33 +0000},
	Date-Modified = {2018-01-12 18:30:58 +0000},
	Publisher = {Saxe-Coburg Publications},
	Title = {{OpenCL}: A suitable solution to simplify and unify high performance computing developments},
	Xseries = csets,
	Year = {2013}}

@inproceedings{AbseherEtAl15a_,
	Authoroff = {Abseher, Michael and Dusberger, Frederico and Musliu, Nysret and Woltran, Stefan},
	Booktitle = {IJCAI'15},
	Date-Added = {2017-12-12 09:56:11 +0000},
	Date-Modified = {2017-12-14 14:01:16 +0000},
	Editoroff = {Yang, Qiang and Wooldridge, Michael},
	Isbn = {978-1-57735-738-4},
	Pages = {275--282},
	Publisher = aip,
	Title = {Improving the Efficiency of Dynamic Programming on Tree Decompositions via Machine Learning},
	Year = {2015},
	Bdsk-File-1 = {YnBsaXN0MDDSAQIDBFxyZWxhdGl2ZVBhdGhZYWxpYXNEYXRhXxAtLi4vLi4vLi4vLi4vTGl0ZXJhdHVyZS9NaWNoYWVsIEFic2VoZXIxNWEucGRmTxEBagAAAAABagACAAAMTWFjaW50b3NoIEhEAAAAAAAAAAAAAAAAAAAAAAAAAEJEAAH/////Fk1pY2hhZWwgQWJzZWhlcjE1YS5wZGYAAAAAAAAAAAAAAAAAAAAAAAAAAAAAAAAAAAAAAAAAAAAAAAAAAAAAAP////8AAAAAAAAAAAAAAAAABAACAAAKIGN1AAAAAAAAAAAAAAAAAApMaXRlcmF0dXJlAAIAMC86VXNlcnM6ZmljaHRlOkxpdGVyYXR1cmU6TWljaGFlbCBBYnNlaGVyMTVhLnBkZgAOAC4AFgBNAGkAYwBoAGEAZQBsACAAQQBiAHMAZQBoAGUAcgAxADUAYQAuAHAAZABmAA8AGgAMAE0AYQBjAGkAbgB0AG8AcwBoACAASABEABIALlVzZXJzL2ZpY2h0ZS9MaXRlcmF0dXJlL01pY2hhZWwgQWJzZWhlcjE1YS5wZGYAEwABLwAAFQACAA3//wAAAAgADQAaACQAVAAAAAAAAAIBAAAAAAAAAAUAAAAAAAAAAAAAAAAAAAHC}}

@misc{Manthey13a,
	Author = {Manthey, N.},
	Date-Added = {2017-12-12 09:55:49 +0000},
	Date-Modified = {2018-01-12 18:29:14 +0000},
	Howpublished = {\url{http://tools.computational-logic.org/content/sharpCDCL.php}},
	Title = {The {CDCL} based model counter {sharpCDCL}},
	Xurl = {http://tools.computational-logic.org/content/sharpCDCL.php},
	Year = {2013},
	Bdsk-Url-1 = {http://tools.computational-logic.org/content/sharpCDCL.php}}

@inproceedings{JouppiEtAl17a,
	Address = {Toronto, ON, Canada},
	Author = {Jouppi, Norman P. and Young, Cliff and Patil, Nishant and Patterson, David and Agrawal, Gaurav and Bajwa, Raminder and Bates, Sarah and Bhatia, Suresh and Boden, Nan and Borchers, Al and Boyle, Rick and Cantin, Pierre-luc and Chao, Clifford and Clark, Chris and Coriell, Jeremy and Daley, Mike and Dau, Matt and Dean, Jeffrey and Gelb, Ben and Ghaemmaghami, Tara Vazir and Gottipati, Rajendra and Gulland, William and Hagmann, Robert and Ho, C. Richard and Hogberg, Doug and Hu, John and Hundt, Robert and Hurt, Dan and Ibarz, Julian and Jaffey, Aaron and Jaworski, Alek and Kaplan, Alexander and Khaitan, Harshit and Killebrew, Daniel and Koch, Andy and Kumar, Naveen and Lacy, Steve and Laudon, James and Law, James and Le, Diemthu and Leary, Chris and Liu, Zhuyuan and Lucke, Kyle and Lundin, Alan and MacKean, Gordon and Maggiore, Adriana and Mahony, Maire and Miller, Kieran and Nagarajan, Rahul and Narayanaswami, Ravi and Ni, Ray and Nix, Kathy and Norrie, Thomas and Omernick, Mark and Penukonda, Narayana and Phelps, Andy and Ross, Jonathan and Ross, Matt and Salek, Amir and Samadiani, Emad and Severn, Chris and Sizikov, Gregory and Snelham, Matthew and Souter, Jed and Steinberg, Dan and Swing, Andy and Tan, Mercedes and Thorson, Gregory and Tian, Bo and Toma, Horia and Tuttle, Erick and Vasudevan, Vijay and Walter, Richard and Wang, Walter and Wilcox, Eric and Yoon, Doe Hyun},
	Booktitle = {Proceedings of the 44th International Symposium on Computer Architecture (ISCA'17)},
	Date-Added = {2017-12-12 09:55:07 +0000},
	Date-Modified = {2018-06-29 09:09:07 +0000},
	Doioff = {10.1145/3079856.3080246},
	Editor = {Brooks, David},
	Month = jun,
	Pages = {1--12},
	Title = {In-Datacenter Performance Analysis of a Tensor Processing Unit},
	Year = {2017},
	Bdsk-File-1 = {YnBsaXN0MDDSAQIDBFxyZWxhdGl2ZVBhdGhZYWxpYXNEYXRhXxA6Li4vLi4vLi4vLi4vLi4vLi4vLi4vLi4vTGl0ZXJhdHVyZS9Kb3VwcGlZb3VuZ1BhdGlsMTdhLnBkZk8RAaYAAAAAAaYAAgAADE1hY2ludG9zaCBIRAAAAAAAAAAAAAAAAAAAANJJBlFIKwAAAArsKxdKb3VwcGlZb3VuZ1BhdGlsMTdhLnBkZgAAAAAAAAAAAAAAAAAAAAAAAAAAAAAAAAAAAAAAAAAAAAAAAAAAAAACG6Qf1k4+vgAAAAAAAAAAAAgAAgAACSAAAAAAAAAAAAAAAAAAAAAKTGl0ZXJhdHVyZQAQAAgAANJIo+EAAAARAAgAANZN3E4AAAABAAwACuwrAAllGgAGKpoAAgA/TWFjaW50b3NoIEhEOlVzZXJzOgBmaWNodGU6AExpdGVyYXR1cmU6AEpvdXBwaVlvdW5nUGF0aWwxN2EucGRmAAAOADAAFwBKAG8AdQBwAHAAaQBZAG8AdQBuAGcAUABhAHQAaQBsADEANwBhAC4AcABkAGYADwAaAAwATQBhAGMAaQBuAHQAbwBzAGgAIABIAEQAEgAvVXNlcnMvZmljaHRlL0xpdGVyYXR1cmUvSm91cHBpWW91bmdQYXRpbDE3YS5wZGYAABMAAS8AABUAAgAN//8AAAAIAA0AGgAkAGEAAAAAAAACAQAAAAAAAAAFAAAAAAAAAAAAAAAAAAACCw==},
	Bdsk-Url-1 = {http://doi.acm.org/10.1145/3079856.3080246},
	Bdsk-Url-2 = {https://dx.doi.org/10.1145/3079856.3080246}}

@unpublished{Sabharwal14a,
	Author = {Sabharwal, A.},
	Date-Added = {2017-12-12 09:55:01 +0000},
	Date-Modified = {2018-01-27 18:50:48 +0000},
	Note = {{BIRS} Workshop 14w5101},
	Title = {Resolution and parallelizability: Barriers to the efficient parallelization of {SAT} solvers},
	Url = {http://videos.birs.ca/2014/14w5101/201401221154-Sabharwal.mp4},
	Year = {2014},
	Bdsk-File-1 = {YnBsaXN0MDDSAQIDBFxyZWxhdGl2ZVBhdGhZYWxpYXNEYXRhXxA0Li4vLi4vLi4vLi4vLi4vLi4vLi4vLi4vTGl0ZXJhdHVyZS9TYWJoYXJ3YWwxNGEucHB0eE8RAY4AAAAAAY4AAgAADE1hY2ludG9zaCBIRAAAAAAAAAAAAAAAAAAAANJJBlFIKwAAAArsKxFTYWJoYXJ3YWwxNGEucHB0eAAAAAAAAAAAAAAAAAAAAAAAAAAAAAAAAAAAAAAAAAAAAAAAAAAAAAAAAAAAAAABupA31Y7YLQAAAAAAAAAAAAgAAgAACSAAAAAAAAAAAAAAAAAAAAAKTGl0ZXJhdHVyZQAQAAgAANJIo+EAAAARAAgAANWOdb0AAAABAAwACuwrAAllGgAGKpoAAgA5TWFjaW50b3NoIEhEOlVzZXJzOgBmaWNodGU6AExpdGVyYXR1cmU6AFNhYmhhcndhbDE0YS5wcHR4AAAOACQAEQBTAGEAYgBoAGEAcgB3AGEAbAAxADQAYQAuAHAAcAB0AHgADwAaAAwATQBhAGMAaQBuAHQAbwBzAGgAIABIAEQAEgApVXNlcnMvZmljaHRlL0xpdGVyYXR1cmUvU2FiaGFyd2FsMTRhLnBwdHgAABMAAS8AABUAAgAN//8AAAAIAA0AGgAkAFsAAAAAAAACAQAAAAAAAAAFAAAAAAAAAAAAAAAAAAAB7Q==}}

@article{FiorettoPontelliYeoh18,
	Author = {Fioretto, Ferdinando and Pontelli, Enrico and Yeoh, William and Dechter, Rina},
	Date-Added = {2017-12-12 09:54:41 +0000},
	Date-Modified = {2019-05-13 17:20:31 +0700},
	Doioff = {10.1007/s10601-017-9274-1},
	Issn = {1572-9354},
	Journal = cons,
	Month = jan,
	Number = {1},
	Pages = {1--23},
	Title = {Accelerating Exact and Approximate Inference for (Distributed) Discrete Optimization with {GPU}s},
	Volume = {23},
	Year = {2018},
	Bdsk-File-1 = {YnBsaXN0MDDSAQIDBFxyZWxhdGl2ZVBhdGhZYWxpYXNEYXRhXxA+Li4vLi4vLi4vLi4vLi4vLi4vLi4vLi4vTGl0ZXJhdHVyZS9GaW9yZXR0b1BvbnRlbGxpWWVvaDE2YS5wZGZPEQG2AAAAAAG2AAIAAAxNYWNpbnRvc2ggSEQAAAAAAAAAAAAAAAAAAADSSQZRSCsAAAAK7CsbRmlvcmV0dG9Qb250ZWxsaVllb2gxNmEucGRmAAAAAAAAAAAAAAAAAAAAAAAAAAAAAAAAAAAAAAAAAAAAAAAAAbqVxtWO29sAAAAAAAAAAAAIAAIAAAkgAAAAAAAAAAAAAAAAAAAACkxpdGVyYXR1cmUAEAAIAADSSKPhAAAAEQAIAADVjnlrAAAAAQAMAArsKwAJZRoABiqaAAIAQ01hY2ludG9zaCBIRDpVc2VyczoAZmljaHRlOgBMaXRlcmF0dXJlOgBGaW9yZXR0b1BvbnRlbGxpWWVvaDE2YS5wZGYAAA4AOAAbAEYAaQBvAHIAZQB0AHQAbwBQAG8AbgB0AGUAbABsAGkAWQBlAG8AaAAxADYAYQAuAHAAZABmAA8AGgAMAE0AYQBjAGkAbgB0AG8AcwBoACAASABEABIAM1VzZXJzL2ZpY2h0ZS9MaXRlcmF0dXJlL0Zpb3JldHRvUG9udGVsbGlZZW9oMTZhLnBkZgAAEwABLwAAFQACAA3//wAAAAgADQAaACQAZQAAAAAAAAIBAAAAAAAAAAUAAAAAAAAAAAAAAAAAAAIf}}

@inproceedings{ChakrabortyEtAl14a,
	Addressoff = {Qu{\'e}bec City, QC, Canada},
	Author = {Chakraborty, Supratik and Fremont, Daniel J. and Meel, Kuldeep S. and Seshia, Sanjit A. and Vardi, Moshe Y.},
	Booktitle = {AAAI'14},
	Date-Added = {2017-12-12 09:54:29 +0000},
	Date-Modified = {2018-06-29 09:04:13 +0000},
	Editoroff = {Brodley, Carla E. and Stone, Peter},
	Pages = {1722--1730},
	Publisher = aip,
	Title = {Distribution-Aware Sampling and Weighted Model Counting for {SAT}},
	Year = {2014},
	Bdsk-File-1 = {YnBsaXN0MDDSAQIDBFxyZWxhdGl2ZVBhdGhZYWxpYXNEYXRhXxBALi4vLi4vLi4vLi4vLi4vLi4vLi4vLi4vTGl0ZXJhdHVyZS9DaGFrcmFib3J0eUZyZW1vbnRNZWVsMTRhLnBkZk8RAb4AAAAAAb4AAgAADE1hY2ludG9zaCBIRAAAAAAAAAAAAAAAAAAAANJJBlFIKwAAAArsKx1DaGFrcmFib3J0eUZyZW1vbnRNZWVsMTRhLnBkZgAAAAAAAAAAAAAAAAAAAAAAAAAAAAAAAAAAAAAAAAAAAAAButM41Y8kwAAAAAAAAAAAAAgAAgAACSAAAAAAAAAAAAAAAAAAAAAKTGl0ZXJhdHVyZQAQAAgAANJIo+EAAAARAAgAANWOwlAAAAABAAwACuwrAAllGgAGKpoAAgBFTWFjaW50b3NoIEhEOlVzZXJzOgBmaWNodGU6AExpdGVyYXR1cmU6AENoYWtyYWJvcnR5RnJlbW9udE1lZWwxNGEucGRmAAAOADwAHQBDAGgAYQBrAHIAYQBiAG8AcgB0AHkARgByAGUAbQBvAG4AdABNAGUAZQBsADEANABhAC4AcABkAGYADwAaAAwATQBhAGMAaQBuAHQAbwBzAGgAIABIAEQAEgA1VXNlcnMvZmljaHRlL0xpdGVyYXR1cmUvQ2hha3JhYm9ydHlGcmVtb250TWVlbDE0YS5wZGYAABMAAS8AABUAAgAN//8AAAAIAA0AGgAkAGcAAAAAAAACAQAAAAAAAAAFAAAAAAAAAAAAAAAAAAACKQ==}}

@inproceedings{DellEtAl16a,
	Annote = {Keywords: treewidth, feedback vertex set, contest, implementation challenge, FPT},
	Author = {Dell, H. and Husfeldt, T. and Jansen, B. and Kaski, P. and Komusiewicz, C. and Rosamond, F.},
	Booktitle = {IPEC'16},
	Date-Added = {2017-12-12 09:53:56 +0000},
	Date-Modified = {2018-01-28 12:38:57 +0000},
	Title = {The First Parameterized Algorithms and Computational Experiments Challenge},
	Year = {2016},
	Bdsk-File-1 = {YnBsaXN0MDDSAQIDBFxyZWxhdGl2ZVBhdGhZYWxpYXNEYXRhXxA8Li4vLi4vLi4vLi4vLi4vLi4vLi4vLi4vTGl0ZXJhdHVyZS9EZWxsSHVzZmVsZHRKYW5zZW4xN2EucGRmTxEBrgAAAAABrgACAAAMTWFjaW50b3NoIEhEAAAAAAAAAAAAAAAAAAAA0kkGUUgrAAAACuwrGURlbGxIdXNmZWxkdEphbnNlbjE3YS5wZGYAAAAAAAAAAAAAAAAAAAAAAAAAAAAAAAAAAAAAAAAAAAAAAAAAAAIfVb/WVKIFAAAAAAAAAAAACAACAAAJIAAAAAAAAAAAAAAAAAAAAApMaXRlcmF0dXJlABAACAAA0kij4QAAABEACAAA1lQ/lQAAAAEADAAK7CsACWUaAAYqmgACAEFNYWNpbnRvc2ggSEQ6VXNlcnM6AGZpY2h0ZToATGl0ZXJhdHVyZToARGVsbEh1c2ZlbGR0SmFuc2VuMTdhLnBkZgAADgA0ABkARABlAGwAbABIAHUAcwBmAGUAbABkAHQASgBhAG4AcwBlAG4AMQA3AGEALgBwAGQAZgAPABoADABNAGEAYwBpAG4AdABvAHMAaAAgAEgARAASADFVc2Vycy9maWNodGUvTGl0ZXJhdHVyZS9EZWxsSHVzZmVsZHRKYW5zZW4xN2EucGRmAAATAAEvAAAVAAIADf//AAAACAANABoAJABjAAAAAAAAAgEAAAAAAAAABQAAAAAAAAAAAAAAAAAAAhU=},
	Bdsk-Url-1 = {http://drops.dagstuhl.de/opus/volltexte/2017/6931},
	Bdsk-Url-2 = {https://dx.doi.org/10.4230/LIPIcs.IPEC.2016.30}}

@article{Roth96a,
	Author = {Roth, Dan},
	Date-Added = {2017-12-12 09:53:49 +0000},
	Date-Modified = {2018-06-28 12:02:15 +0000},
	Doioff = {10.1016/0004-3702(94)00092-1},
	Journal = ai,
	Number = {1--2},
	Title = {On the Hardness of Approximate Reasoning},
	Volume = {82},
	Year = {1996},
	Bdsk-Url-1 = {http://dx.doi.org/10.1016/0004-3702(94)00092-1}}

@article{CeciliaGarciaGuerrero10a,
	Author = {Cecilia, Jos{\'e} M and Garc{\'\i}a, Jos{\'e} M and Guerrero, Gin{\'e}s D and Mart{\'\i}nez-del-Amor, Miguel A and P{\'e}rez-Hurtado, Ignacio and P{\'e}rez-Jim{\'e}nez, Mario J},
	Date-Added = {2017-12-11 19:14:05 +0000},
	Date-Modified = {2017-12-11 19:14:20 +0000},
	Journal = jlap,
	Number = {6},
	Pages = {317--325},
	Publisher = elsevier,
	Title = {Simulating a {P} system based efficient solution to {SAT} by using {GPU}s},
	Volume = {79},
	Year = {2010}}

@article{Dal-PaluDovierFormisano15a,
	Author = {Dal Palu, Alessandro and Dovier, Agostino and Formisano, Andrea and Pontelli, Enrico},
	Date-Added = {2017-12-11 19:08:37 +0000},
	Date-Modified = {2018-06-29 09:04:55 +0000},
	Journal = jetai,
	Keywords = taylor,
	Number = {3},
	Title = {{Cud@SAT}: {SAT} solving on {GPU}s},
	Volume = {27},
	Year = {2015}}

@inproceedings{DeleauJailletKrajecki08a,
	Address = {Trondheim, Norway},
	Author = {Deleau, Herv{\'e} and Jaillet, Christophe and Krajecki, Micha{\"e}l},
	Booktitle = {Proceedings of the 9th International Workshop on State--of--the--Art in Scientific and Parallel Computing (PARA'08)},
	Date-Added = {2017-12-11 19:00:37 +0000},
	Date-Modified = {2017-12-11 19:00:37 +0000},
	Editor = {Elster, Anne C.},
	Title = {GPU4SAT: solving the SAT problem on GPU},
	Year = {2008},
	Bdsk-File-1 = {YnBsaXN0MDDSAQIDBFxyZWxhdGl2ZVBhdGhZYWxpYXNEYXRhXxA/Li4vLi4vLi4vLi4vLi4vLi4vLi4vLi4vTGl0ZXJhdHVyZS9EZWxlYXVKYWlsbGV0S3JhamVja2kwOGIucGRmTxEBuAAAAAABuAACAAAMTWFjaW50b3NoIEhEAAAAAAAAAAAAAAAAAAAA0kkGUUgrAAAACuwrHERlbGVhdUphaWxsZXRLcmFqZWNraTA4Yi5wZGYAAAAAAAAAAAAAAAAAAAAAAAAAAAAAAAAAAAAAAAAAAAAAAAG6i9rVjtM9AAAAAAAAAAAACAACAAAJIAAAAAAAAAAAAAAAAAAAAApMaXRlcmF0dXJlABAACAAA0kij4QAAABEACAAA1Y5wzQAAAAEADAAK7CsACWUaAAYqmgACAERNYWNpbnRvc2ggSEQ6VXNlcnM6AGZpY2h0ZToATGl0ZXJhdHVyZToARGVsZWF1SmFpbGxldEtyYWplY2tpMDhiLnBkZgAOADoAHABEAGUAbABlAGEAdQBKAGEAaQBsAGwAZQB0AEsAcgBhAGoAZQBjAGsAaQAwADgAYgAuAHAAZABmAA8AGgAMAE0AYQBjAGkAbgB0AG8AcwBoACAASABEABIANFVzZXJzL2ZpY2h0ZS9MaXRlcmF0dXJlL0RlbGVhdUphaWxsZXRLcmFqZWNraTA4Yi5wZGYAEwABLwAAFQACAA3//wAAAAgADQAaACQAZgAAAAAAAAIBAAAAAAAAAAUAAAAAAAAAAAAAAAAAAAIi}}

@book{abelson-et-al:scheme,
	Address = {Cambridge, Massachusetts},
	Author = {Abelson, Harold and Sussman, Gerald~Jay and Sussman, Julie},
	Publisher = {MIT Press},
	Title = {Structure and Interpretation of Computer Programs},
	Year = {1985}}

@inproceedings{bgf:Lixto,
	Address = {Rome, Italy},
	Author = {Baumgartner, Robert and Gottlob, Georg and Flesca, Sergio},
	Booktitle = {Proceedings of the 27th International Conference on Very Large Databases},
	Month = {September},
	Pages = {119--128},
	Publisher = {Morgan Kaufmann},
	Title = {Visual Information Extraction with {Lixto}},
	Year = {2001}}

@article{brachman-schmolze:kl-one,
	Author = {Brachman, Ronald~J. and Schmolze, James~G.},
	Journal = {Cognitive Science},
	Month = {April--June},
	Number = {2},
	Pages = {171--216},
	Title = {An overview of the {KL-ONE} knowledge representation system},
	Volume = {9},
	Year = {1985}}

@article{gottlob:nonmon,
	Author = {Gottlob, Georg},
	Journal = {Journal of Logic and Computation},
	Month = {June},
	Number = {3},
	Pages = {397--425},
	Title = {Complexity results for nonmonotonic logics},
	Volume = {2},
	Year = {1992}}

@article{gls:hypertrees,
	Author = {Gottlob, Georg and Leone, Nicola and Scarcello, Francesco},
	Journal = {Journal of Computer and System Sciences},
	Month = {May},
	Number = {3},
	Pages = {579--627},
	Title = {Hypertree Decompositions and Tractable Queries},
	Volume = {64},
	Year = {2002}}

@article{levesque:functional-foundations,
	Author = {Levesque, Hector~J.},
	Journal = {Artificial Intelligence},
	Month = {July},
	Number = {2},
	Pages = {155--212},
	Title = {Foundations of a functional approach to knowledge representation},
	Volume = {23},
	Year = {1984}}

@inproceedings{levesque:belief,
	Address = {Austin, Texas},
	Author = {Levesque, Hector~J.},
	Booktitle = {Proceedings of the Fourth National Conference on Artificial Intelligence},
	Month = {August},
	Pages = {198--202},
	Publisher = {American Association for Artificial Intelligence},
	Title = {A logic of implicit and explicit belief},
	Year = {1984}}

@article{nebel:jair-2000,
	Author = {Nebel, Bernhard},
	Journal = {Journal of Artificial Intelligence Research},
	Pages = {271--315},
	Title = {On the compilability and expressive power of propositional planning formalisms},
	Volume = {12},
	Year = {2000}}

@article{saether2015solving,
	Author = {S{\ae}ther, Sigve Hortemo and Telle, Jan Arne and Vatshelle, Martin},
	Journal = {Journal of Artificial Intelligence Research},
	Pages = {59--82},
	Title = {Solving\# SAT and MAXSAT by dynamic programming},
	Volume = {54},
	Year = {2015}}

@techreport{Costa13a,
	Author = {Costa, CS},
	Date-Modified = {2017-12-11 19:09:23 +0000},
	Institution = {Technical report, INESC-ID, Technical University of Lisbon},
	Title = {Parallelization of SAT Algorithms on GPUs},
	Year = {2013}}

@techreport{charwat2016bdd,
	Author = {Charwat, G{\"u}nther and Woltran, Stefan},
	Institution = {Technical Report DBAI-TR-2016-95, Technische Universit{\"a}t Wien, Institut f{\"u}r Informationssysteme},
	Title = {BDD-based Dynamic Programming on Tree Decompositions},
	Year = {2016}}

@inproceedings{LagniezMarquis14a,
	Addressoff = {Qu{\'e}bec City, QC, Canada},
	Author = {Lagniez, Jean{-}Marie and Marquis, Pierre},
	Booktitle = {AAAI'14},
	Date-Modified = {2018-06-28 11:58:10 +0000},
	Editoroff = {Brodley, Carla E. and Stone, Peter},
	Pages = {2688--2694},
	Publisher = aip,
	Title = {Preprocessing for Propositional Model Counting},
	Year = {2014},
	Bdsk-File-1 = {YnBsaXN0MDDSAQIDBFxyZWxhdGl2ZVBhdGhZYWxpYXNEYXRhXxA4Li4vLi4vLi4vLi4vLi4vLi4vLi4vLi4vTGl0ZXJhdHVyZS9MYWduaWV6TWFycXVpczE0YS5wZGZPEQGeAAAAAAGeAAIAAAxNYWNpbnRvc2ggSEQAAAAAAAAAAAAAAAAAAADSSQZRSCsAAAAK7CsVTGFnbmllek1hcnF1aXMxNGEucGRmAAAAAAAAAAAAAAAAAAAAAAAAAAAAAAAAAAAAAAAAAAAAAAAAAAAAAAAAAjVdVNaT0ZoAAAAAAAAAAAAIAAIAAAkgAAAAAAAAAAAAAAAAAAAACkxpdGVyYXR1cmUAEAAIAADSSKPhAAAAEQAIAADWk28qAAAAAQAMAArsKwAJZRoABiqaAAIAPU1hY2ludG9zaCBIRDpVc2VyczoAZmljaHRlOgBMaXRlcmF0dXJlOgBMYWduaWV6TWFycXVpczE0YS5wZGYAAA4ALAAVAEwAYQBnAG4AaQBlAHoATQBhAHIAcQB1AGkAcwAxADQAYQAuAHAAZABmAA8AGgAMAE0AYQBjAGkAbgB0AG8AcwBoACAASABEABIALVVzZXJzL2ZpY2h0ZS9MaXRlcmF0dXJlL0xhZ25pZXpNYXJxdWlzMTRhLnBkZgAAEwABLwAAFQACAA3//wAAAAgADQAaACQAXwAAAAAAAAIBAAAAAAAAAAUAAAAAAAAAAAAAAAAAAAIB},
	Bdsk-Url-1 = {http://www.aaai.org/ocs/index.php/AAAI/AAAI14/paper/view/8264}}

@inproceedings{LagniezLoncaMarquis16a,
	Addressoff = {New York City, NY, USA},
	Author = {Lagniez, Jean{-}Marie and Lonca, Emmanuel and Marquis, Pierre},
	Booktitle = {IJCAI'16},
	Date-Modified = {2018-06-28 12:11:04 +0000},
	Editoroff = {Kambhampati, Subbarao},
	Month = Jul,
	Pages = {751--757},
	Publisher = aip,
	Title = {Improving Model Counting by Leveraging Definability},
	Year = {2016},
	Bdsk-File-1 = {YnBsaXN0MDDSAQIDBFxyZWxhdGl2ZVBhdGhZYWxpYXNEYXRhXxA9Li4vLi4vLi4vLi4vLi4vLi4vLi4vLi4vTGl0ZXJhdHVyZS9MYWduaWV6TG9uY2FNYXJxdWlzMTZhLnBkZk8RAbAAAAAAAbAAAgAADE1hY2ludG9zaCBIRAAAAAAAAAAAAAAAAAAAANJJBlFIKwAAAArsKxpMYWduaWV6TG9uY2FNYXJxdWlzMTZhLnBkZgAAAAAAAAAAAAAAAAAAAAAAAAAAAAAAAAAAAAAAAAAAAAAAAAACNV0X1pPRZgAAAAAAAAAAAAgAAgAACSAAAAAAAAAAAAAAAAAAAAAKTGl0ZXJhdHVyZQAQAAgAANJIo+EAAAARAAgAANaTbvYAAAABAAwACuwrAAllGgAGKpoAAgBCTWFjaW50b3NoIEhEOlVzZXJzOgBmaWNodGU6AExpdGVyYXR1cmU6AExhZ25pZXpMb25jYU1hcnF1aXMxNmEucGRmAA4ANgAaAEwAYQBnAG4AaQBlAHoATABvAG4AYwBhAE0AYQByAHEAdQBpAHMAMQA2AGEALgBwAGQAZgAPABoADABNAGEAYwBpAG4AdABvAHMAaAAgAEgARAASADJVc2Vycy9maWNodGUvTGl0ZXJhdHVyZS9MYWduaWV6TG9uY2FNYXJxdWlzMTZhLnBkZgATAAEvAAAVAAIADf//AAAACAANABoAJABkAAAAAAAAAgEAAAAAAAAABQAAAAAAAAAAAAAAAAAAAhg=},
	Bdsk-Url-1 = {http://www.ijcai.org/Abstract/16/112}}

@inproceedings{ErmonGomesSelman12a,
	Addressoff = {Catalina Island, CA, USA},
	Author = {Ermon, Stefano and Gomes, Carla P. and Selman, Bart},
	Booktitle = {UAI'12},
	Date-Modified = {2018-06-28 08:51:34 +0000},
	Editoroff = {de Freitas, Nando and Murphy, Kevin},
	Monthoff = aug,
	Pages = {255--264},
	Publisher = {AUAI Press},
	Timestamp = {Wed, 29 Mar 2017 16:45:26 +0200},
	Title = {Uniform Solution Sampling Using a Constraint Solver As an Oracle},
	Year = {2012},
	Bdsk-Url-1 = {https://dslpitt.org/uai/displayArticleDetails.jsp?mmnu=1&smnu=2&article_id=2288&proceeding_id=28}}

@inproceedings{OztokDarwiche15a,
	Author = {Oztok, Umut and Darwiche, Adnan},
	Booktitle = {IJCAI'15},
	Date-Modified = {2018-06-28 12:01:39 +0000},
	Editoroff = {Yang, Qiang and Wooldridge, Michael},
	Isbn = {978-1-57735-738-4},
	Pages = {3141--3148},
	Publisher = aip,
	Title = {A Top-Down Compiler for Sentential Decision Diagrams},
	Year = {2015},
	Bdsk-Url-1 = {http://ijcai.org/Abstract/15/443}}

@inproceedings{KoricheLagniezMarquisThomas13a,
	Addressoff = {Beijing, China},
	Author = {Koriche, Fr{\'e}d{\'e}ric and Lagniez, Jean-Marie and Marquis, Pierre and Thomas, Samuel},
	Booktitle = {IJCAI'13},
	Date-Modified = {2018-06-28 09:21:35 +0000},
	Editoroff = {Rossi, Francesca and Thrun, Sebastian},
	Monthoff = aug,
	Publisher = aip,
	Title = {Knowledge Compilation for Model Counting: Affine Decision Trees},
	Year = {2013},
	Bdsk-Url-1 = {http://www.aaai.org/ocs/index.php/IJCAI/IJCAI13/paper/view/6574}}

@article{Toda91,
  author    = {Seinosuke Toda},
  title     = {{PP} is as Hard as the Polynomial-Time Hierarchy},
  journal   = {{SIAM} J. Comput.},
  volume    = {20},
  number    = {5},
  pages     = {865--877},
  year      = {1991}
}

@article{TodaSoh15a,
	Author = {Toda, Takahis and Soh, Takehide},
	Date-Modified = {2018-06-28 12:06:11 +0000},
	Journal = acmea,
	Note = {Special Issue SEA 2014},
	Pages = {1.12},
	Title = {Implementing Efficient All Solutions {SAT} Solvers},
	Volume = {21},
	Year = {2015},
	Bdsk-Url-1 = {http://arxiv.org/abs/1510.00523}}

@inproceedings{BurchardSchubertBecker16a,
	Author = {Burchard, Jan and Schubert, Tobias and Becker, Bernd},
	Booktitle = {Proceedings of the 2016 IEEE International Conference on Cluster Computing (CLUSTER'16)},
	Date-Modified = {2018-06-27 16:52:32 +0000},
	Doioff = {10.1109/CLUSTER.2016.20},
	Editor = {de Supinski, Bronis R.},
	Pages = {326--335},
	Title = {Distributed Parallel {\#}SAT Solving},
	Year = {2016},
	Bdsk-Url-1 = {https://doi.org/10.1109/CLUSTER.2016.20}}

@inproceedings{Darwiche11a,
	Addressoff = {Barcelona, Catalonia, Spain},
	Author = {Darwiche, Adnan},
	Booktitle = {IJCAI'11},
	Date-Modified = {2018-06-29 09:05:53 +0000},
	Editoroff = {Walsh, Toby},
	Keywords = {978-1-57735-516-8},
	Monthoff = jul,
	Pages = {819--826},
	Publisher = {AAAI Press/IJCAI},
	Title = {{SDD:} {A} New Canonical Representation of Propositional Knowledge Bases},
	Year = {2011},
	Bdsk-Url-1 = {https://doi.org/10.5591/978-1-57735-516-8/IJCAI11-143}}
